Timestamp;Precio;Volumen;Lado;Bid;Ask
2025-10-09 18:00:00.032;25263,25;1;BID;25265;25265,5
2025-10-09 18:00:00.084;25263,5;1;BID;25265;25265,5
2025-10-09 18:00:00.084;25263,5;1;BID;25265;25265,5
2025-10-09 18:00:00.084;25263,5;1;BID;25265;25265,5
2025-10-09 18:00:00.140;25263,5;1;BID;25265;25265,5
2025-10-09 18:00:00.140;25263,5;1;BID;25265;25265,5
2025-10-09 18:00:00.144;25263,5;1;BID;25265;25265,5
2025-10-09 18:00:00.144;25263,5;1;BID;25265;25265,5
2025-10-09 18:00:00.144;25263,5;1;BID;25265;25265,5
2025-10-09 18:00:00.144;25263,75;1;BID;25265;25265,5
2025-10-09 18:00:00.156;25264;1;BID;25265;25265,5
2025-10-09 18:00:00.156;25264;1;BID;25265;25265,5
2025-10-09 18:00:00.160;25264;1;BID;25265;25265,5
2025-10-09 18:00:00.160;25264;1;BID;25265;25265,5
2025-10-09 18:00:00.160;25264;1;BID;25265;25265,5
2025-10-09 18:00:00.184;25263,75;1;BID;25265;25265,5
2025-10-09 18:00:00.196;25264;2;BID;25265;25265,5
2025-10-09 18:00:00.196;25264;1;BID;25265;25265,5
2025-10-09 18:00:00.196;25264;1;BID;25265;25265,5
2025-10-09 18:00:00.196;25264;1;BID;25265;25265,5
2025-10-09 18:00:00.196;25264;1;BID;25265;25265,5
2025-10-09 18:00:00.200;25264,25;1;BID;25265;25265,5
2025-10-09 18:00:00.204;25264,5;1;BID;25265;25265,5
2025-10-09 18:00:00.204;25264,5;1;BID;25265;25265,5
2025-10-09 18:00:00.244;25265,25;1;ASK;25265;25265,5
2025-10-09 18:00:00.276;25265,5;1;ASK;25265;25265,5
2025-10-09 18:00:00.276;25265,5;1;ASK;25265;25265,5
2025-10-09 18:00:00.276;25265,5;1;ASK;25265;25265,5
2025-10-09 18:00:00.276;25265,5;1;ASK;25265;25265,5
2025-10-09 18:00:00.276;25265,5;1;ASK;25265;25265,5
2025-10-09 18:00:00.276;25265,25;1;ASK;25265;25265,5
2025-10-09 18:00:00.280;25265,25;2;ASK;25265;25265,5
2025-10-09 18:00:00.280;25265;1;BID;25265;25265,5
2025-10-09 18:00:00.292;25264,75;1;BID;25265;25265,5
2025-10-09 18:00:00.336;25265,25;1;ASK;25265;25265,5
2025-10-09 18:00:00.340;25265,25;1;ASK;25265;25265,5
2025-10-09 18:00:00.340;25265,25;1;ASK;25265;25265,5
2025-10-09 18:00:00.372;25265,25;1;ASK;25265;25265,5
2025-10-09 18:00:00.372;25265,25;1;ASK;25265;25265,5
2025-10-09 18:00:00.544;25265,5;1;ASK;25265;25265,5
2025-10-09 18:00:00.552;25265,25;1;ASK;25265;25265,5
2025-10-09 18:00:00.624;25265,75;1;ASK;25265;25265,5
2025-10-09 18:00:00.748;25265,25;1;ASK;25265;25265,5
2025-10-09 18:00:00.752;25265;1;BID;25265;25265,5
2025-10-09 18:00:00.752;25265;1;BID;25265;25265,5
2025-10-09 18:00:00.752;25265;1;BID;25265;25265,5
2025-10-09 18:00:00.764;25265;1;BID;25265;25265,5
2025-10-09 18:00:00.764;25265;1;BID;25265;25265,5
2025-10-09 18:00:01.080;25265,25;1;BID;25266;25266,5
2025-10-09 18:00:01.080;25265,25;1;BID;25266;25266,5
2025-10-09 18:00:01.140;25265,25;1;BID;25266;25266,5
2025-10-09 18:00:01.140;25265,25;1;BID;25266;25266,5
2025-10-09 18:00:01.140;25265,25;1;BID;25266;25266,5
2025-10-09 18:00:01.140;25265,25;1;BID;25266;25266,5
2025-10-09 18:00:01.140;25265,25;1;BID;25266;25266,5
2025-10-09 18:00:01.304;25265,75;1;BID;25266;25266,5
2025-10-09 18:00:01.304;25265,75;1;BID;25266;25266,5
2025-10-09 18:00:01.304;25266;1;BID;25266;25266,5
2025-10-09 18:00:01.308;25265,5;2;BID;25266;25266,5
2025-10-09 18:00:01.308;25265,5;1;BID;25266;25266,5
2025-10-09 18:00:01.412;25265,5;1;BID;25266;25266,5
2025-10-09 18:00:01.496;25265,5;4;BID;25266;25266,5
2025-10-09 18:00:01.496;25265,5;1;BID;25266;25266,5
2025-10-09 18:00:01.504;25265,5;1;BID;25266;25266,5
2025-10-09 18:00:01.524;25265,5;1;BID;25266;25266,5
2025-10-09 18:00:01.776;25265,75;1;BID;25266;25266,5
2025-10-09 18:00:01.820;25266,25;1;ASK;25266;25266,5
2025-10-09 18:00:01.836;25266,5;1;ASK;25266;25266,5
2025-10-09 18:00:02.144;25266,5;1;ASK;25266,25;25266,75
2025-10-09 18:00:02.144;25266,5;1;ASK;25266,25;25266,75
2025-10-09 18:00:02.144;25266,5;1;ASK;25266,25;25266,75
2025-10-09 18:00:02.288;25266,5;1;ASK;25266,25;25266,75
2025-10-09 18:00:02.436;25266;1;BID;25266,25;25266,75
2025-10-09 18:00:02.436;25266;1;BID;25266,25;25266,75
2025-10-09 18:00:02.452;25266,5;1;ASK;25266,25;25266,75
2025-10-09 18:00:02.480;25266,5;1;ASK;25266,25;25266,75
2025-10-09 18:00:02.480;25266,5;1;ASK;25266,25;25266,75
2025-10-09 18:00:02.480;25266,5;1;ASK;25266,25;25266,75
2025-10-09 18:00:02.500;25266,5;1;ASK;25266,25;25266,75
2025-10-09 18:00:02.652;25266,25;2;BID;25266,25;25266,75
2025-10-09 18:00:02.652;25266,25;1;BID;25266,25;25266,75
2025-10-09 18:00:02.652;25266;1;BID;25266,25;25266,75
2025-10-09 18:00:02.912;25266,5;1;ASK;25266,25;25266,75
2025-10-09 18:00:02.912;25266,5;1;ASK;25266,25;25266,75
2025-10-09 18:00:02.912;25266,75;1;ASK;25266,25;25266,75
2025-10-09 18:00:02.912;25266,75;1;ASK;25266,25;25266,75
2025-10-09 18:00:02.924;25266,25;1;BID;25266,25;25266,75
2025-10-09 18:00:02.976;25266,5;1;ASK;25266,25;25266,75
2025-10-09 18:00:02.976;25266,75;1;ASK;25266,25;25266,75
2025-10-09 18:00:03.292;25266,25;1;BID;25266,25;25266,75
2025-10-09 18:00:03.316;25266;1;BID;25266,25;25266,75
2025-10-09 18:00:03.316;25266;1;BID;25266,25;25266,75
2025-10-09 18:00:03.316;25266;1;BID;25266,25;25266,75
2025-10-09 18:00:03.388;25266,5;1;ASK;25266,25;25266,75
2025-10-09 18:00:03.452;25266,5;1;ASK;25266,25;25266,75
2025-10-09 18:00:03.452;25266,5;1;ASK;25266,25;25266,75
2025-10-09 18:00:03.452;25266,5;1;ASK;25266,25;25266,75
2025-10-09 18:00:03.452;25266,5;1;ASK;25266,25;25266,75
2025-10-09 18:00:03.468;25266,75;1;ASK;25266,25;25266,75
2025-10-09 18:00:03.468;25266,75;1;ASK;25266,25;25266,75
2025-10-09 18:00:03.468;25266,75;1;ASK;25266,25;25266,75
2025-10-09 18:00:03.468;25266,75;1;ASK;25266,25;25266,75
2025-10-09 18:00:03.468;25266,75;1;ASK;25266,25;25266,75
2025-10-09 18:00:03.468;25266,75;1;ASK;25266,25;25266,75
2025-10-09 18:00:03.468;25266,75;1;ASK;25266,25;25266,75
2025-10-09 18:00:03.560;25266,5;1;ASK;25266,25;25266,75
2025-10-09 18:00:03.560;25266,5;1;ASK;25266,25;25266,75
2025-10-09 18:00:03.560;25266,5;1;ASK;25266,25;25266,75
2025-10-09 18:00:03.560;25266,5;1;ASK;25266,25;25266,75
2025-10-09 18:00:03.696;25266,75;1;ASK;25266,25;25266,75
2025-10-09 18:00:03.696;25266,75;1;ASK;25266,25;25266,75
2025-10-09 18:00:03.696;25266,75;1;ASK;25266,25;25266,75
2025-10-09 18:00:03.696;25266,75;1;ASK;25266,25;25266,75
2025-10-09 18:00:03.696;25266,75;1;ASK;25266,25;25266,75
2025-10-09 18:00:03.700;25266,5;1;ASK;25266,25;25266,75
2025-10-09 18:00:03.804;25266,25;1;BID;25266,25;25266,75
2025-10-09 18:00:03.804;25266,25;1;BID;25266,25;25266,75
2025-10-09 18:00:03.836;25266,5;1;ASK;25266,25;25266,75
2025-10-09 18:00:03.840;25266,5;1;ASK;25266,25;25266,75
2025-10-09 18:00:04.004;25266,75;1;BID;25267,5;25268
2025-10-09 18:00:04.084;25266;1;BID;25267,5;25268
2025-10-09 18:00:04.084;25266;1;BID;25267,5;25268
2025-10-09 18:00:04.084;25266;1;BID;25267,5;25268
2025-10-09 18:00:04.200;25266,25;1;BID;25267,5;25268
2025-10-09 18:00:04.652;25266,5;1;BID;25267,5;25268
2025-10-09 18:00:04.732;25266,5;1;BID;25267,5;25268
2025-10-09 18:00:04.732;25266,5;1;BID;25267,5;25268
2025-10-09 18:00:04.760;25267;2;BID;25267,5;25268
2025-10-09 18:00:04.804;25267,75;1;ASK;25267,5;25268
2025-10-09 18:00:05.084;25268;1;BID;25268,5;25268,75
2025-10-09 18:00:05.356;25268,25;1;BID;25268,5;25268,75
2025-10-09 18:00:05.476;25268;1;BID;25268,5;25268,75
2025-10-09 18:00:05.476;25268,25;1;BID;25268,5;25268,75
2025-10-09 18:00:05.632;25268,5;1;BID;25268,5;25268,75
2025-10-09 18:00:05.728;25268,5;1;BID;25268,5;25268,75
2025-10-09 18:00:05.728;25268,5;1;BID;25268,5;25268,75
2025-10-09 18:00:05.728;25268,5;1;BID;25268,5;25268,75
2025-10-09 18:00:05.728;25268,5;1;BID;25268,5;25268,75
2025-10-09 18:00:05.728;25268,5;1;BID;25268,5;25268,75
2025-10-09 18:00:05.728;25268,5;1;BID;25268,5;25268,75
2025-10-09 18:00:05.780;25268,75;1;ASK;25268,5;25268,75
2025-10-09 18:00:05.780;25268,75;1;ASK;25268,5;25268,75
2025-10-09 18:00:05.784;25268,5;1;BID;25268,5;25268,75
2025-10-09 18:00:05.784;25268,25;1;BID;25268,5;25268,75
2025-10-09 18:00:05.832;25268,25;1;BID;25268,5;25268,75
2025-10-09 18:00:05.936;25268,75;1;ASK;25268,5;25268,75
2025-10-09 18:00:05.936;25268,75;1;ASK;25268,5;25268,75
2025-10-09 18:00:05.988;25269;1;ASK;25268,5;25268,75
2025-10-09 18:00:05.988;25269;1;ASK;25268,5;25268,75
2025-10-09 18:00:06.108;25268,5;1;BID;25268,5;25269
2025-10-09 18:00:06.108;25268,5;1;BID;25268,5;25269
2025-10-09 18:00:06.108;25268,5;1;BID;25268,5;25269
2025-10-09 18:00:06.160;25268,25;1;BID;25268,5;25269
2025-10-09 18:00:06.272;25268,25;2;BID;25268,5;25269
2025-10-09 18:00:06.272;25268,25;1;BID;25268,5;25269
2025-10-09 18:00:06.348;25268,5;1;BID;25268,5;25269
2025-10-09 18:00:06.476;25268,25;1;BID;25268,5;25269
2025-10-09 18:00:06.476;25268,25;1;BID;25268,5;25269
2025-10-09 18:00:06.552;25268,5;1;BID;25268,5;25269
2025-10-09 18:00:06.708;25268,75;1;ASK;25268,5;25269
2025-10-09 18:00:06.708;25268,75;1;ASK;25268,5;25269
2025-10-09 18:00:06.916;25268,5;1;BID;25268,5;25269
2025-10-09 18:00:07.128;25268,5;1;ASK;25268;25268,5
2025-10-09 18:00:07.224;25268,5;1;ASK;25268;25268,5
2025-10-09 18:00:07.224;25268,5;1;ASK;25268;25268,5
2025-10-09 18:00:07.304;25268;2;BID;25268;25268,5
2025-10-09 18:00:07.304;25268;1;BID;25268;25268,5
2025-10-09 18:00:07.308;25268,25;1;ASK;25268;25268,5
2025-10-09 18:00:07.320;25268,25;1;ASK;25268;25268,5
2025-10-09 18:00:07.540;25269;1;ASK;25268;25268,5
2025-10-09 18:00:07.540;25269;1;ASK;25268;25268,5
2025-10-09 18:00:07.604;25269;1;ASK;25268;25268,5
2025-10-09 18:00:07.604;25269;1;ASK;25268;25268,5
2025-10-09 18:00:07.608;25269;1;ASK;25268;25268,5
2025-10-09 18:00:07.816;25268,5;1;ASK;25268;25268,5
2025-10-09 18:00:07.840;25269;1;ASK;25268;25268,5
2025-10-09 18:00:07.888;25268,75;1;ASK;25268;25268,5
2025-10-09 18:00:07.888;25268,25;1;ASK;25268;25268,5
2025-10-09 18:00:07.888;25268,25;1;ASK;25268;25268,5
2025-10-09 18:00:07.888;25268,25;1;ASK;25268;25268,5
2025-10-09 18:00:08.084;25268;1;BID;25268,5;25269
2025-10-09 18:00:08.248;25268,75;1;ASK;25268,5;25269
2025-10-09 18:00:08.304;25268,25;1;BID;25268,5;25269
2025-10-09 18:00:08.304;25268,25;1;BID;25268,5;25269
2025-10-09 18:00:08.304;25268,25;1;BID;25268,5;25269
2025-10-09 18:00:08.472;25268,75;1;ASK;25268,5;25269
2025-10-09 18:00:08.876;25269;1;ASK;25268,5;25269
2025-10-09 18:00:08.876;25269;1;ASK;25268,5;25269
2025-10-09 18:00:08.876;25269;1;ASK;25268,5;25269
2025-10-09 18:00:08.876;25269;1;ASK;25268,5;25269
2025-10-09 18:00:08.876;25269;1;ASK;25268,5;25269
2025-10-09 18:00:08.876;25269;1;ASK;25268,5;25269
2025-10-09 18:00:09.004;25268,5;1;ASK;25266,75;25267,25
2025-10-09 18:00:09.004;25268,5;1;ASK;25266,75;25267,25
2025-10-09 18:00:09.192;25268;1;ASK;25266,75;25267,25
2025-10-09 18:00:09.232;25268;1;ASK;25266,75;25267,25
2025-10-09 18:00:09.232;25268;1;ASK;25266,75;25267,25
2025-10-09 18:00:09.396;25268,25;1;ASK;25266,75;25267,25
2025-10-09 18:00:09.572;25267,75;1;ASK;25266,75;25267,25
2025-10-09 18:00:09.572;25267,75;1;ASK;25266,75;25267,25
2025-10-09 18:00:09.624;25267,5;1;ASK;25266,75;25267,25
2025-10-09 18:00:09.624;25267,5;1;ASK;25266,75;25267,25
2025-10-09 18:00:09.624;25267,5;1;ASK;25266,75;25267,25
2025-10-09 18:00:09.644;25267,25;1;ASK;25266,75;25267,25
2025-10-09 18:00:09.660;25267;1;ASK;25266,75;25267,25
2025-10-09 18:00:09.660;25267;1;ASK;25266,75;25267,25
2025-10-09 18:00:09.840;25267,25;1;ASK;25266,75;25267,25
2025-10-09 18:00:09.892;25267,25;1;ASK;25266,75;25267,25
2025-10-09 18:00:10.240;25267;1;ASK;25266;25266,5
2025-10-09 18:00:10.244;25267;1;ASK;25266;25266,5
2025-10-09 18:00:10.248;25267;1;ASK;25266;25266,5
2025-10-09 18:00:10.248;25267;1;ASK;25266;25266,5
2025-10-09 18:00:10.248;25266,75;1;ASK;25266;25266,5
2025-10-09 18:00:10.248;25267;1;ASK;25266;25266,5
2025-10-09 18:00:10.248;25266,75;1;ASK;25266;25266,5
2025-10-09 18:00:10.248;25266,75;1;ASK;25266;25266,5
2025-10-09 18:00:10.252;25267;1;ASK;25266;25266,5
2025-10-09 18:00:10.252;25266,75;1;ASK;25266;25266,5
2025-10-09 18:00:10.252;25266,75;1;ASK;25266;25266,5
2025-10-09 18:00:10.252;25266,5;1;ASK;25266;25266,5
2025-10-09 18:00:10.252;25266,5;1;ASK;25266;25266,5
2025-10-09 18:00:10.252;25266,5;8;ASK;25266;25266,5
2025-10-09 18:00:10.664;25266,25;1;ASK;25266;25266,5
2025-10-09 18:00:10.664;25266,25;1;ASK;25266;25266,5
2025-10-09 18:00:10.664;25266,25;1;ASK;25266;25266,5
2025-10-09 18:00:10.684;25266,25;1;ASK;25266;25266,5
2025-10-09 18:00:10.736;25266,25;1;ASK;25266;25266,5
2025-10-09 18:00:10.736;25266;1;BID;25266;25266,5
2025-10-09 18:00:10.740;25266,25;1;ASK;25266;25266,5
2025-10-09 18:00:10.752;25266,25;1;ASK;25266;25266,5
2025-10-09 18:00:11.092;25266,5;1;ASK;25266;25266,25
2025-10-09 18:00:11.092;25266,5;3;ASK;25266;25266,25
2025-10-09 18:00:11.092;25266,5;1;ASK;25266;25266,25
2025-10-09 18:00:11.096;25267;1;ASK;25266;25266,25
2025-10-09 18:00:11.096;25267;1;ASK;25266;25266,25
2025-10-09 18:00:11.120;25266,5;1;ASK;25266;25266,25
2025-10-09 18:00:11.148;25266,25;1;ASK;25266;25266,25
2025-10-09 18:00:11.148;25266,25;1;ASK;25266;25266,25
2025-10-09 18:00:11.148;25266,5;1;ASK;25266;25266,25
2025-10-09 18:00:11.148;25266,5;1;ASK;25266;25266,25
2025-10-09 18:00:11.184;25266,25;1;ASK;25266;25266,25
2025-10-09 18:00:11.216;25266,5;1;ASK;25266;25266,25
2025-10-09 18:00:11.220;25266,5;1;ASK;25266;25266,25
2025-10-09 18:00:11.220;25266,5;1;ASK;25266;25266,25
2025-10-09 18:00:11.220;25266,5;1;ASK;25266;25266,25
2025-10-09 18:00:11.220;25266,5;1;ASK;25266;25266,25
2025-10-09 18:00:11.232;25266,5;1;ASK;25266;25266,25
2025-10-09 18:00:11.232;25266,75;1;ASK;25266;25266,25
2025-10-09 18:00:11.376;25266,5;1;ASK;25266;25266,25
2025-10-09 18:00:11.536;25266;1;BID;25266;25266,25
2025-10-09 18:00:11.576;25266;1;BID;25266;25266,25
2025-10-09 18:00:11.576;25266;1;BID;25266;25266,25
2025-10-09 18:00:11.576;25266;1;BID;25266;25266,25
2025-10-09 18:00:11.576;25266;1;BID;25266;25266,25
2025-10-09 18:00:11.716;25266,25;1;ASK;25266;25266,25
2025-10-09 18:00:11.716;25266,25;1;ASK;25266;25266,25
2025-10-09 18:00:11.944;25266;1;BID;25266;25266,25
2025-10-09 18:00:12.084;25266;1;BID;25266,5;25267
2025-10-09 18:00:12.284;25266,5;1;BID;25266,5;25267
2025-10-09 18:00:12.336;25266,25;1;BID;25266,5;25267
2025-10-09 18:00:12.356;25266,25;1;BID;25266,5;25267
2025-10-09 18:00:12.592;25266,25;1;BID;25266,5;25267
2025-10-09 18:00:12.596;25266,5;1;BID;25266,5;25267
2025-10-09 18:00:13.088;25266,5;1;ASK;25266,25;25266,75
2025-10-09 18:00:13.088;25266,5;1;ASK;25266,25;25266,75
2025-10-09 18:00:13.088;25266,5;1;ASK;25266,25;25266,75
2025-10-09 18:00:13.088;25266,5;1;ASK;25266,25;25266,75
2025-10-09 18:00:13.292;25266,5;1;ASK;25266,25;25266,75
2025-10-09 18:00:13.292;25266,75;1;ASK;25266,25;25266,75
2025-10-09 18:00:13.292;25266,75;1;ASK;25266,25;25266,75
2025-10-09 18:00:13.292;25266,75;1;ASK;25266,25;25266,75
2025-10-09 18:00:13.292;25266,75;1;ASK;25266,25;25266,75
2025-10-09 18:00:13.292;25266,75;1;ASK;25266,25;25266,75
2025-10-09 18:00:13.292;25266,75;1;ASK;25266,25;25266,75
2025-10-09 18:00:13.292;25266,75;1;ASK;25266,25;25266,75
2025-10-09 18:00:13.304;25266,5;1;ASK;25266,25;25266,75
2025-10-09 18:00:13.536;25266,75;1;ASK;25266,25;25266,75
2025-10-09 18:00:13.536;25266,75;3;ASK;25266,25;25266,75
2025-10-09 18:00:13.976;25266,25;1;BID;25266,25;25266,75
2025-10-09 18:00:13.976;25266,25;1;BID;25266,25;25266,75
2025-10-09 18:00:14.084;25266,75;1;BID;25267;25267,5
2025-10-09 18:00:15.172;25267,5;1;ASK;25266,75;25267,25
2025-10-09 18:00:15.792;25266,75;1;BID;25266,75;25267,25
2025-10-09 18:00:16.380;25266,75;1;ASK;25266,25;25266,5
2025-10-09 18:00:16.432;25266,75;1;ASK;25266,25;25266,5
2025-10-09 18:00:16.432;25266,75;1;ASK;25266,25;25266,5
2025-10-09 18:00:16.432;25266,75;1;ASK;25266,25;25266,5
2025-10-09 18:00:16.432;25266,75;1;ASK;25266,25;25266,5
2025-10-09 18:00:16.432;25266,75;1;ASK;25266,25;25266,5
2025-10-09 18:00:16.604;25266,75;1;ASK;25266,25;25266,5
2025-10-09 18:00:16.712;25266,25;1;BID;25266,25;25266,5
2025-10-09 18:00:16.712;25266;1;BID;25266,25;25266,5
2025-10-09 18:00:16.716;25266;1;BID;25266,25;25266,5
2025-10-09 18:00:16.716;25266,25;1;BID;25266,25;25266,5
2025-10-09 18:00:16.716;25266,25;1;BID;25266,25;25266,5
2025-10-09 18:00:16.716;25266,25;1;BID;25266,25;25266,5
2025-10-09 18:00:16.716;25266;1;BID;25266,25;25266,5
2025-10-09 18:00:16.720;25266;2;BID;25266,25;25266,5
2025-10-09 18:00:16.720;25266;3;BID;25266,25;25266,5
2025-10-09 18:00:16.724;25266;2;BID;25266,25;25266,5
2025-10-09 18:00:16.728;25266;1;BID;25266,25;25266,5
2025-10-09 18:00:16.772;25266,25;1;BID;25266,25;25266,5
2025-10-09 18:00:16.772;25266,25;1;BID;25266,25;25266,5
2025-10-09 18:00:16.772;25266,25;1;BID;25266,25;25266,5
2025-10-09 18:00:16.772;25266,25;1;BID;25266,25;25266,5
2025-10-09 18:00:16.772;25266,25;1;BID;25266,25;25266,5
2025-10-09 18:00:16.772;25266,25;1;BID;25266,25;25266,5
2025-10-09 18:00:16.804;25266,5;1;ASK;25266,25;25266,5
2025-10-09 18:00:17.188;25267,25;1;ASK;25267;25267,5
2025-10-09 18:00:17.188;25267,25;1;ASK;25267;25267,5
2025-10-09 18:00:17.188;25267,25;1;ASK;25267;25267,5
2025-10-09 18:00:17.188;25267,25;1;ASK;25267;25267,5
2025-10-09 18:00:17.944;25267,5;1;ASK;25267;25267,5
2025-10-09 18:00:17.944;25267,75;1;ASK;25267;25267,5
2025-10-09 18:00:17.944;25267,75;1;ASK;25267;25267,5
2025-10-09 18:00:17.944;25267,75;1;ASK;25267;25267,5
2025-10-09 18:00:17.944;25267,75;1;ASK;25267;25267,5
2025-10-09 18:00:17.948;25268;1;ASK;25267;25267,5
2025-10-09 18:00:17.984;25267,5;1;ASK;25267;25267,5
2025-10-09 18:00:17.984;25267,25;1;ASK;25267;25267,5
2025-10-09 18:00:17.984;25267,25;1;ASK;25267;25267,5
2025-10-09 18:00:17.984;25267,25;1;ASK;25267;25267,5
2025-10-09 18:00:17.984;25267,25;1;ASK;25267;25267,5
2025-10-09 18:00:17.984;25267,25;1;ASK;25267;25267,5
2025-10-09 18:00:17.984;25267,25;1;ASK;25267;25267,5
2025-10-09 18:00:18.084;25267,75;1;ASK;25267,5;25268
2025-10-09 18:00:18.084;25267,75;1;ASK;25267,5;25268
2025-10-09 18:00:18.084;25267,75;1;ASK;25267,5;25268
2025-10-09 18:00:18.084;25267,75;1;ASK;25267,5;25268
2025-10-09 18:00:18.084;25267,75;1;ASK;25267,5;25268
2025-10-09 18:00:18.236;25267,75;1;ASK;25267,5;25268
2025-10-09 18:00:18.520;25268,25;1;ASK;25267,5;25268
2025-10-09 18:00:18.520;25268,25;1;ASK;25267,5;25268
2025-10-09 18:00:18.876;25267,75;1;ASK;25267,5;25268
2025-10-09 18:00:18.876;25267,5;1;BID;25267,5;25268
2025-10-09 18:00:19.616;25268;1;ASK;25267,75;25268,25
2025-10-09 18:00:19.692;25268;1;ASK;25267,75;25268,25
2025-10-09 18:00:20.648;25268;1;ASK;25267,25;25267,75
2025-10-09 18:00:21.784;25267,25;1;ASK;25267;25267,5
2025-10-09 18:00:21.784;25267,25;1;ASK;25267;25267,5
2025-10-09 18:00:22.676;25268,25;1;ASK;25267,75;25268
2025-10-09 18:00:22.676;25268,25;1;ASK;25267,75;25268
2025-10-09 18:00:22.676;25268,25;1;ASK;25267,75;25268
2025-10-09 18:00:22.676;25268,25;1;ASK;25267,75;25268
2025-10-09 18:00:22.676;25268,25;1;ASK;25267,75;25268
2025-10-09 18:00:22.676;25268;1;ASK;25267,75;25268
2025-10-09 18:00:22.676;25268;1;ASK;25267,75;25268
2025-10-09 18:00:22.828;25267,75;1;BID;25267,75;25268
2025-10-09 18:00:22.828;25267,75;1;BID;25267,75;25268
2025-10-09 18:00:22.828;25267,75;1;BID;25267,75;25268
2025-10-09 18:00:23.868;25268;1;ASK;25267,75;25268,25
2025-10-09 18:00:24.624;25268,5;1;BID;25268,5;25268,75
2025-10-09 18:00:24.624;25268,5;1;BID;25268,5;25268,75
2025-10-09 18:00:24.624;25268,5;1;BID;25268,5;25268,75
2025-10-09 18:00:25.024;25268,75;1;ASK;25268,5;25269
2025-10-09 18:00:25.024;25268,75;1;ASK;25268,5;25269
2025-10-09 18:00:25.500;25268,75;1;ASK;25268,5;25269
2025-10-09 18:00:25.504;25268,75;1;ASK;25268,5;25269
2025-10-09 18:00:25.504;25268,75;1;ASK;25268,5;25269
2025-10-09 18:00:26.124;25269;1;BID;25269,5;25270
2025-10-09 18:00:26.188;25269,25;1;BID;25269,5;25270
2025-10-09 18:00:26.200;25269,5;1;BID;25269,5;25270
2025-10-09 18:00:26.200;25269,5;2;BID;25269,5;25270
2025-10-09 18:00:26.200;25269,5;1;BID;25269,5;25270
2025-10-09 18:00:26.204;25269,75;1;ASK;25269,5;25270
2025-10-09 18:00:26.204;25269,75;1;ASK;25269,5;25270
2025-10-09 18:00:26.204;25269,75;1;ASK;25269,5;25270
2025-10-09 18:00:26.204;25269,75;1;ASK;25269,5;25270
2025-10-09 18:00:26.212;25269,75;1;ASK;25269,5;25270
2025-10-09 18:00:26.212;25270;1;ASK;25269,5;25270
2025-10-09 18:00:26.212;25270;1;ASK;25269,5;25270
2025-10-09 18:00:26.212;25270;1;ASK;25269,5;25270
2025-10-09 18:00:26.212;25270;5;ASK;25269,5;25270
2025-10-09 18:00:26.212;25270;5;ASK;25269,5;25270
2025-10-09 18:00:26.212;25270;1;ASK;25269,5;25270
2025-10-09 18:00:26.212;25270;1;ASK;25269,5;25270
2025-10-09 18:00:26.212;25270;1;ASK;25269,5;25270
2025-10-09 18:00:26.212;25270;1;ASK;25269,5;25270
2025-10-09 18:00:26.212;25270;2;ASK;25269,5;25270
2025-10-09 18:00:26.212;25270,25;1;ASK;25269,5;25270
2025-10-09 18:00:26.212;25270,25;1;ASK;25269,5;25270
2025-10-09 18:00:26.216;25270,25;1;ASK;25269,5;25270
2025-10-09 18:00:26.216;25270,25;1;ASK;25269,5;25270
2025-10-09 18:00:26.216;25270,25;1;ASK;25269,5;25270
2025-10-09 18:00:26.216;25270;1;ASK;25269,5;25270
2025-10-09 18:00:26.420;25270,25;1;ASK;25269,5;25270
2025-10-09 18:00:26.520;25270,75;1;ASK;25269,5;25270
2025-10-09 18:00:26.524;25270,75;1;ASK;25269,5;25270
2025-10-09 18:00:26.560;25270,25;1;ASK;25269,5;25270
2025-10-09 18:00:26.996;25269,75;1;ASK;25269,5;25270
2025-10-09 18:00:26.996;25269,75;1;ASK;25269,5;25270
2025-10-09 18:00:27.252;25269;1;ASK;25268,5;25269
2025-10-09 18:00:27.252;25269;1;ASK;25268,5;25269
2025-10-09 18:00:27.252;25269;1;ASK;25268,5;25269
2025-10-09 18:00:27.252;25269;1;ASK;25268,5;25269
2025-10-09 18:00:27.272;25269;1;ASK;25268,5;25269
2025-10-09 18:00:27.292;25269,25;1;ASK;25268,5;25269
2025-10-09 18:00:27.348;25269;1;ASK;25268,5;25269
2025-10-09 18:00:27.580;25269;1;ASK;25268,5;25269
2025-10-09 18:00:27.580;25269,25;1;ASK;25268,5;25269
2025-10-09 18:00:27.904;25268,75;1;ASK;25268,5;25269
2025-10-09 18:00:27.908;25268,5;1;BID;25268,5;25269
2025-10-09 18:00:28.684;25269,25;1;ASK;25268,75;25269
2025-10-09 18:00:29.032;25268,75;2;ASK;25268,5;25268,75
2025-10-09 18:00:29.388;25269;1;ASK;25268,5;25268,75
2025-10-09 18:00:29.492;25268,75;1;ASK;25268,5;25268,75
2025-10-09 18:00:30.504;25269;1;BID;25269;25269,25
2025-10-09 18:00:30.676;25269;1;BID;25269;25269,25
2025-10-09 18:00:30.976;25269;1;BID;25269;25269,25
2025-10-09 18:00:31.088;25269,25;1;BID;25269,75;25270,25
2025-10-09 18:00:31.448;25269,75;1;BID;25269,75;25270,25
2025-10-09 18:00:31.636;25270;1;ASK;25269,75;25270,25
2025-10-09 18:00:31.652;25269,75;1;BID;25269,75;25270,25
2025-10-09 18:00:31.848;25270;1;ASK;25269,75;25270,25
2025-10-09 18:00:32.388;25270;1;BID;25271;25271,5
2025-10-09 18:00:32.388;25270;1;BID;25271;25271,5
2025-10-09 18:00:32.388;25270;1;BID;25271;25271,5
2025-10-09 18:00:32.388;25270;1;BID;25271;25271,5
2025-10-09 18:00:32.388;25270,25;1;BID;25271;25271,5
2025-10-09 18:00:32.388;25270,25;1;BID;25271;25271,5
2025-10-09 18:00:32.388;25270,25;1;BID;25271;25271,5
2025-10-09 18:00:32.388;25270,25;1;BID;25271;25271,5
2025-10-09 18:00:32.388;25270,25;1;BID;25271;25271,5
2025-10-09 18:00:32.388;25270,25;1;BID;25271;25271,5
2025-10-09 18:00:32.388;25270,25;1;BID;25271;25271,5
2025-10-09 18:00:32.388;25270,25;1;BID;25271;25271,5
2025-10-09 18:00:32.388;25270,5;1;BID;25271;25271,5
2025-10-09 18:00:32.388;25270,5;1;BID;25271;25271,5
2025-10-09 18:00:32.388;25270,5;1;BID;25271;25271,5
2025-10-09 18:00:32.388;25270,5;1;BID;25271;25271,5
2025-10-09 18:00:32.388;25270,5;1;BID;25271;25271,5
2025-10-09 18:00:32.388;25270,5;1;BID;25271;25271,5
2025-10-09 18:00:32.388;25270,5;1;BID;25271;25271,5
2025-10-09 18:00:32.388;25270,5;1;BID;25271;25271,5
2025-10-09 18:00:32.388;25270,75;1;BID;25271;25271,5
2025-10-09 18:00:32.388;25270,75;1;BID;25271;25271,5
2025-10-09 18:00:32.388;25270,75;1;BID;25271;25271,5
2025-10-09 18:00:32.388;25270,75;1;BID;25271;25271,5
2025-10-09 18:00:32.388;25270,75;1;BID;25271;25271,5
2025-10-09 18:00:32.388;25270,75;1;BID;25271;25271,5
2025-10-09 18:00:32.388;25270,75;1;BID;25271;25271,5
2025-10-09 18:00:32.388;25270,75;1;BID;25271;25271,5
2025-10-09 18:00:32.388;25270,75;1;BID;25271;25271,5
2025-10-09 18:00:32.388;25270,75;1;BID;25271;25271,5
2025-10-09 18:00:32.388;25271;1;BID;25271;25271,5
2025-10-09 18:00:32.388;25271;1;BID;25271;25271,5
2025-10-09 18:00:32.388;25271;1;BID;25271;25271,5
2025-10-09 18:00:32.388;25271;1;BID;25271;25271,5
2025-10-09 18:00:32.388;25271;1;BID;25271;25271,5
2025-10-09 18:00:32.388;25271;1;BID;25271;25271,5
2025-10-09 18:00:32.388;25271;1;BID;25271;25271,5
2025-10-09 18:00:32.388;25271,25;1;ASK;25271;25271,5
2025-10-09 18:00:32.388;25271,25;1;ASK;25271;25271,5
2025-10-09 18:00:32.388;25271,25;1;ASK;25271;25271,5
2025-10-09 18:00:32.388;25271,25;1;ASK;25271;25271,5
2025-10-09 18:00:32.388;25271,25;1;ASK;25271;25271,5
2025-10-09 18:00:32.388;25271,25;1;ASK;25271;25271,5
2025-10-09 18:00:32.388;25271,25;3;ASK;25271;25271,5
2025-10-09 18:00:32.388;25271,5;1;ASK;25271;25271,5
2025-10-09 18:00:32.388;25271,5;1;ASK;25271;25271,5
2025-10-09 18:00:32.388;25271,5;1;ASK;25271;25271,5
2025-10-09 18:00:32.388;25271,5;1;ASK;25271;25271,5
2025-10-09 18:00:32.388;25271,5;1;ASK;25271;25271,5
2025-10-09 18:00:32.388;25271,75;1;ASK;25271;25271,5
2025-10-09 18:00:32.388;25271,75;1;ASK;25271;25271,5
2025-10-09 18:00:32.388;25271,75;1;ASK;25271;25271,5
2025-10-09 18:00:32.392;25271,75;1;ASK;25271;25271,5
2025-10-09 18:00:32.392;25271,75;1;ASK;25271;25271,5
2025-10-09 18:00:32.392;25271,75;1;ASK;25271;25271,5
2025-10-09 18:00:32.392;25271,75;1;ASK;25271;25271,5
2025-10-09 18:00:32.392;25271,75;2;ASK;25271;25271,5
2025-10-09 18:00:32.392;25271,75;1;ASK;25271;25271,5
2025-10-09 18:00:32.392;25271,75;1;ASK;25271;25271,5
2025-10-09 18:00:32.392;25271,75;1;ASK;25271;25271,5
2025-10-09 18:00:32.392;25272;1;ASK;25271;25271,5
2025-10-09 18:00:32.392;25272;1;ASK;25271;25271,5
2025-10-09 18:00:32.392;25272;1;ASK;25271;25271,5
2025-10-09 18:00:32.392;25272;1;ASK;25271;25271,5
2025-10-09 18:00:32.392;25272;1;ASK;25271;25271,5
2025-10-09 18:00:32.400;25270,5;1;BID;25271;25271,5
2025-10-09 18:00:32.404;25270,75;1;BID;25271;25271,5
2025-10-09 18:00:32.404;25271;1;BID;25271;25271,5
2025-10-09 18:00:32.404;25271,25;1;ASK;25271;25271,5
2025-10-09 18:00:32.404;25271,25;1;ASK;25271;25271,5
2025-10-09 18:00:32.404;25271,25;1;ASK;25271;25271,5
2025-10-09 18:00:32.404;25271,25;1;ASK;25271;25271,5
2025-10-09 18:00:32.404;25271,25;1;ASK;25271;25271,5
2025-10-09 18:00:32.404;25271,25;1;ASK;25271;25271,5
2025-10-09 18:00:32.668;25271,25;1;ASK;25271;25271,5
2025-10-09 18:00:32.748;25271,5;1;ASK;25271;25271,5
2025-10-09 18:00:32.904;25271,25;1;ASK;25271;25271,5
2025-10-09 18:00:32.904;25271,25;1;ASK;25271;25271,5
2025-10-09 18:00:32.904;25271,25;1;ASK;25271;25271,5
2025-10-09 18:00:32.904;25271,25;1;ASK;25271;25271,5
2025-10-09 18:00:32.904;25271,25;1;ASK;25271;25271,5
2025-10-09 18:00:32.904;25271,25;1;ASK;25271;25271,5
2025-10-09 18:00:33.120;25271,75;1;ASK;25271,25;25271,75
2025-10-09 18:00:33.124;25271,75;1;ASK;25271,25;25271,75
2025-10-09 18:00:33.124;25271,75;1;ASK;25271,25;25271,75
2025-10-09 18:00:33.124;25271,75;1;ASK;25271,25;25271,75
2025-10-09 18:00:33.124;25271,75;1;ASK;25271,25;25271,75
2025-10-09 18:00:33.124;25271,5;1;ASK;25271,25;25271,75
2025-10-09 18:00:33.124;25271,5;1;ASK;25271,25;25271,75
2025-10-09 18:00:33.128;25271,5;1;ASK;25271,25;25271,75
2025-10-09 18:00:33.280;25271,5;1;ASK;25271,25;25271,75
2025-10-09 18:00:33.484;25271,75;1;ASK;25271,25;25271,75
2025-10-09 18:00:33.540;25271,5;1;ASK;25271,25;25271,75
2025-10-09 18:00:33.540;25271,25;1;BID;25271,25;25271,75
2025-10-09 18:00:33.540;25271,25;1;BID;25271,25;25271,75
2025-10-09 18:00:33.676;25271,5;1;ASK;25271,25;25271,75
2025-10-09 18:00:33.820;25271,25;1;BID;25271,25;25271,75
2025-10-09 18:00:33.820;25271,25;1;BID;25271,25;25271,75
2025-10-09 18:00:33.880;25271,5;1;ASK;25271,25;25271,75
2025-10-09 18:00:33.888;25271,5;1;ASK;25271,25;25271,75
2025-10-09 18:00:33.996;25271,5;1;ASK;25271,25;25271,75
2025-10-09 18:00:33.996;25271,5;1;ASK;25271,25;25271,75
2025-10-09 18:00:34.040;25271,25;1;ASK;25270,5;25271
2025-10-09 18:00:34.092;25271,75;1;ASK;25270,5;25271
2025-10-09 18:00:34.252;25271;1;ASK;25270,5;25271
2025-10-09 18:00:34.644;25271,25;1;ASK;25270,5;25271
2025-10-09 18:00:34.744;25270,5;1;BID;25270,5;25271
2025-10-09 18:00:34.744;25270,5;1;BID;25270,5;25271
2025-10-09 18:00:34.744;25270,5;1;BID;25270,5;25271
2025-10-09 18:00:34.744;25270,5;2;BID;25270,5;25271
2025-10-09 18:00:34.772;25270,75;1;ASK;25270,5;25271
2025-10-09 18:00:34.988;25270,5;1;BID;25270,5;25271
2025-10-09 18:00:35.092;25270,75;1;BID;25270,75;25271,25
2025-10-09 18:00:35.236;25271,25;1;ASK;25270,75;25271,25
2025-10-09 18:00:36.092;25271;1;ASK;25270,5;25270,75
2025-10-09 18:00:36.444;25271;1;ASK;25270,5;25270,75
2025-10-09 18:00:36.860;25270,75;1;ASK;25270,5;25270,75
2025-10-09 18:00:36.864;25270,5;1;BID;25270,5;25270,75
2025-10-09 18:00:36.868;25270,5;1;BID;25270,5;25270,75
2025-10-09 18:00:37.144;25270,5;1;ASK;25270,25;25270,75
2025-10-09 18:00:37.184;25270,25;1;BID;25270,25;25270,75
2025-10-09 18:00:37.220;25270,25;1;BID;25270,25;25270,75
2025-10-09 18:00:38.144;25270,25;1;ASK;25270;25270,5
2025-10-09 18:00:38.144;25270,25;1;ASK;25270;25270,5
2025-10-09 18:00:38.156;25270;1;BID;25270;25270,5
2025-10-09 18:00:38.156;25270;1;BID;25270;25270,5
2025-10-09 18:00:38.232;25270,5;1;ASK;25270;25270,5
2025-10-09 18:00:38.300;25270;1;BID;25270;25270,5
2025-10-09 18:00:38.388;25270;1;BID;25270;25270,5
2025-10-09 18:00:38.388;25270;1;BID;25270;25270,5
2025-10-09 18:00:38.396;25270;1;BID;25270;25270,5
2025-10-09 18:00:38.412;25270;1;BID;25270;25270,5
2025-10-09 18:00:38.412;25270;1;BID;25270;25270,5
2025-10-09 18:00:38.736;25270,25;1;ASK;25270;25270,5
2025-10-09 18:00:39.176;25270,25;1;ASK;25268,25;25268,75
2025-10-09 18:00:39.176;25270,25;1;ASK;25268,25;25268,75
2025-10-09 18:00:39.176;25270,25;1;ASK;25268,25;25268,75
2025-10-09 18:00:39.176;25270,25;1;ASK;25268,25;25268,75
2025-10-09 18:00:39.176;25270,25;1;ASK;25268,25;25268,75
2025-10-09 18:00:39.232;25269,75;1;ASK;25268,25;25268,75
2025-10-09 18:00:39.232;25269,75;3;ASK;25268,25;25268,75
2025-10-09 18:00:39.248;25269,75;1;ASK;25268,25;25268,75
2025-10-09 18:00:39.284;25269,5;1;ASK;25268,25;25268,75
2025-10-09 18:00:39.284;25269,5;1;ASK;25268,25;25268,75
2025-10-09 18:00:39.284;25269,5;1;ASK;25268,25;25268,75
2025-10-09 18:00:39.516;25268,75;1;ASK;25268,25;25268,75
2025-10-09 18:00:39.516;25268,5;1;ASK;25268,25;25268,75
2025-10-09 18:00:39.940;25268,75;1;ASK;25268,25;25268,75
2025-10-09 18:00:40.260;25268,5;1;BID;25268,5;25269
2025-10-09 18:00:40.260;25268,5;1;BID;25268,5;25269
2025-10-09 18:00:40.740;25268,75;1;ASK;25268,5;25269
2025-10-09 18:00:40.968;25268,75;1;ASK;25268,5;25269
2025-10-09 18:00:41.424;25269,25;1;ASK;25268,75;25269,25
2025-10-09 18:00:41.432;25269,25;1;ASK;25268,75;25269,25
2025-10-09 18:00:41.432;25269,25;1;ASK;25268,75;25269,25
2025-10-09 18:00:41.432;25269,25;1;ASK;25268,75;25269,25
2025-10-09 18:00:41.432;25269,25;1;ASK;25268,75;25269,25
2025-10-09 18:00:41.432;25269,5;1;ASK;25268,75;25269,25
2025-10-09 18:00:41.460;25268,75;1;BID;25268,75;25269,25
2025-10-09 18:00:41.460;25268,75;1;BID;25268,75;25269,25
2025-10-09 18:00:41.840;25268,75;1;BID;25268,75;25269,25
2025-10-09 18:00:42.096;25269,25;1;ASK;25268,75;25269,25
2025-10-09 18:00:42.432;25269;1;ASK;25268,75;25269,25
2025-10-09 18:00:42.472;25269;2;ASK;25268,75;25269,25
2025-10-09 18:00:42.472;25269;1;ASK;25268,75;25269,25
2025-10-09 18:00:43.000;25269;1;ASK;25268,75;25269,25
2025-10-09 18:00:43.000;25269;1;ASK;25268,75;25269,25
2025-10-09 18:00:43.008;25269;1;BID;25269,75;25270,25
2025-10-09 18:00:43.036;25269;1;BID;25269,75;25270,25
2025-10-09 18:00:43.092;25269;1;BID;25269,75;25270,25
2025-10-09 18:00:43.248;25269,25;1;BID;25269,75;25270,25
2025-10-09 18:00:43.440;25269,5;1;BID;25269,75;25270,25
2025-10-09 18:00:43.440;25269,75;1;BID;25269,75;25270,25
2025-10-09 18:00:43.444;25270;1;ASK;25269,75;25270,25
2025-10-09 18:00:43.452;25270,25;1;ASK;25269,75;25270,25
2025-10-09 18:00:43.452;25270,25;1;ASK;25269,75;25270,25
2025-10-09 18:00:43.724;25270,25;1;ASK;25269,75;25270,25
2025-10-09 18:00:43.724;25270,25;1;ASK;25269,75;25270,25
2025-10-09 18:00:43.724;25270,25;1;ASK;25269,75;25270,25
2025-10-09 18:00:44.184;25270,25;1;ASK;25269,5;25270
2025-10-09 18:00:44.332;25269,75;1;ASK;25269,5;25270
2025-10-09 18:00:44.360;25269,75;1;ASK;25269,5;25270
2025-10-09 18:00:44.368;25269,25;1;BID;25269,5;25270
2025-10-09 18:00:44.620;25269,75;1;ASK;25269,5;25270
2025-10-09 18:00:44.620;25269,75;1;ASK;25269,5;25270
2025-10-09 18:00:44.620;25269,75;1;ASK;25269,5;25270
2025-10-09 18:00:44.908;25269,25;1;BID;25269,5;25270
2025-10-09 18:00:45.116;25270;1;ASK;25269,25;25269,5
2025-10-09 18:00:45.116;25270;1;ASK;25269,25;25269,5
2025-10-09 18:00:45.116;25270;1;ASK;25269,25;25269,5
2025-10-09 18:00:45.116;25270;1;ASK;25269,25;25269,5
2025-10-09 18:00:45.116;25270;1;ASK;25269,25;25269,5
2025-10-09 18:00:45.568;25270,25;1;ASK;25269,25;25269,5
2025-10-09 18:00:45.568;25270,25;1;ASK;25269,25;25269,5
2025-10-09 18:00:45.872;25269,75;1;ASK;25269,25;25269,5
2025-10-09 18:00:46.236;25269,5;1;ASK;25269;25269,5
2025-10-09 18:00:46.792;25269,5;1;ASK;25269;25269,5
2025-10-09 18:00:46.948;25269,25;1;ASK;25269;25269,5
2025-10-09 18:00:47.100;25269,25;1;ASK;25268,5;25269
2025-10-09 18:00:47.160;25269,25;1;ASK;25268,5;25269
2025-10-09 18:00:47.472;25269,75;1;ASK;25268,5;25269
2025-10-09 18:00:47.888;25269,25;1;ASK;25268,5;25269
2025-10-09 18:00:47.900;25268,75;1;ASK;25268,5;25269
2025-10-09 18:00:48.024;25268,5;1;ASK;25267,75;25268,25
2025-10-09 18:00:48.028;25268,5;1;ASK;25267,75;25268,25
2025-10-09 18:00:48.520;25268,25;1;ASK;25267,75;25268,25
2025-10-09 18:00:49.192;25267,75;1;ASK;25267;25267,5
2025-10-09 18:00:49.344;25268;1;ASK;25267;25267,5
2025-10-09 18:00:49.672;25267,75;1;ASK;25267;25267,5
2025-10-09 18:00:49.832;25267,5;1;ASK;25267;25267,5
2025-10-09 18:00:49.832;25267,5;1;ASK;25267;25267,5
2025-10-09 18:00:49.832;25267,5;1;ASK;25267;25267,5
2025-10-09 18:00:49.832;25267,5;1;ASK;25267;25267,5
2025-10-09 18:00:49.832;25267,25;1;ASK;25267;25267,5
2025-10-09 18:00:49.836;25267,5;1;ASK;25267;25267,5
2025-10-09 18:00:49.840;25267,25;1;ASK;25267;25267,5
2025-10-09 18:00:49.840;25267,25;1;ASK;25267;25267,5
2025-10-09 18:00:49.864;25267;1;BID;25267;25267,5
2025-10-09 18:00:49.864;25267,25;1;ASK;25267;25267,5
2025-10-09 18:00:50.012;25267,5;1;BID;25267,75;25268,25
2025-10-09 18:00:50.012;25267,5;1;BID;25267,75;25268,25
2025-10-09 18:00:50.012;25267,5;1;BID;25267,75;25268,25
2025-10-09 18:00:50.012;25267,5;1;BID;25267,75;25268,25
2025-10-09 18:00:50.028;25267,75;1;BID;25267,75;25268,25
2025-10-09 18:00:50.632;25268;1;ASK;25267,75;25268,25
2025-10-09 18:00:50.632;25268;1;ASK;25267,75;25268,25
2025-10-09 18:00:50.784;25268;1;ASK;25267,75;25268,25
2025-10-09 18:00:51.172;25268,5;1;BID;25268,5;25269
2025-10-09 18:00:51.348;25268,5;1;BID;25268,5;25269
2025-10-09 18:00:52.512;25269;1;ASK;25268,75;25269,25
2025-10-09 18:00:52.512;25269;1;ASK;25268,75;25269,25
2025-10-09 18:00:52.512;25269;1;ASK;25268,75;25269,25
2025-10-09 18:00:52.512;25269;1;ASK;25268,75;25269,25
2025-10-09 18:00:52.512;25269;1;ASK;25268,75;25269,25
2025-10-09 18:00:53.036;25268,75;1;ASK;25268,5;25269
2025-10-09 18:00:53.872;25268,75;1;ASK;25268,5;25269
2025-10-09 18:00:53.872;25268,75;1;ASK;25268,5;25269
2025-10-09 18:00:53.872;25268,75;1;ASK;25268,5;25269
2025-10-09 18:00:54.316;25269;1;ASK;25268,75;25269,25
2025-10-09 18:00:54.316;25269;1;ASK;25268,75;25269,25
2025-10-09 18:00:54.608;25268,75;1;BID;25268,75;25269,25
2025-10-09 18:00:55.448;25269;1;BID;25269;25269,25
2025-10-09 18:00:55.448;25269;1;BID;25269;25269,25
2025-10-09 18:00:55.452;25268,75;1;BID;25269;25269,25
2025-10-09 18:00:55.524;25268,5;1;BID;25269;25269,25
2025-10-09 18:00:55.524;25268,5;1;BID;25269;25269,25
2025-10-09 18:00:55.524;25268,5;1;BID;25269;25269,25
2025-10-09 18:00:55.544;25268,75;1;BID;25269;25269,25
2025-10-09 18:00:55.544;25268,75;1;BID;25269;25269,25
2025-10-09 18:00:55.544;25268,75;1;BID;25269;25269,25
2025-10-09 18:00:55.544;25268,75;1;BID;25269;25269,25
2025-10-09 18:00:55.544;25268,75;1;BID;25269;25269,25
2025-10-09 18:00:55.544;25268,75;1;BID;25269;25269,25
2025-10-09 18:00:55.544;25268,75;1;BID;25269;25269,25
2025-10-09 18:00:55.556;25268,75;1;BID;25269;25269,25
2025-10-09 18:00:55.556;25268,75;1;BID;25269;25269,25
2025-10-09 18:00:55.556;25268,75;1;BID;25269;25269,25
2025-10-09 18:00:55.556;25268,75;1;BID;25269;25269,25
2025-10-09 18:00:55.956;25269;1;BID;25269;25269,25
2025-10-09 18:00:56.012;25269,25;1;BID;25270,25;25270,75
2025-10-09 18:00:56.012;25269,5;1;BID;25270,25;25270,75
2025-10-09 18:00:56.016;25269,5;1;BID;25270,25;25270,75
2025-10-09 18:00:56.120;25270;1;BID;25270,25;25270,75
2025-10-09 18:00:56.120;25270;1;BID;25270,25;25270,75
2025-10-09 18:00:56.144;25270,25;1;BID;25270,25;25270,75
2025-10-09 18:00:56.156;25270,25;1;BID;25270,25;25270,75
2025-10-09 18:00:56.192;25270,25;1;BID;25270,25;25270,75
2025-10-09 18:00:56.428;25270,25;1;BID;25270,25;25270,75
2025-10-09 18:00:56.428;25270,25;1;BID;25270,25;25270,75
2025-10-09 18:00:56.432;25270,5;1;ASK;25270,25;25270,75
2025-10-09 18:00:56.432;25270,25;1;BID;25270,25;25270,75
2025-10-09 18:00:56.444;25270,25;1;BID;25270,25;25270,75
2025-10-09 18:00:56.524;25270,5;1;ASK;25270,25;25270,75
2025-10-09 18:00:56.524;25270,5;1;ASK;25270,25;25270,75
2025-10-09 18:00:56.524;25270,5;1;ASK;25270,25;25270,75
2025-10-09 18:00:56.836;25270,5;1;ASK;25270,25;25270,75
2025-10-09 18:00:56.836;25270,5;1;ASK;25270,25;25270,75
2025-10-09 18:00:56.840;25270,5;1;ASK;25270,25;25270,75
2025-10-09 18:00:56.840;25270,5;1;ASK;25270,25;25270,75
2025-10-09 18:00:56.840;25270,5;1;ASK;25270,25;25270,75
2025-10-09 18:00:56.880;25270,75;1;ASK;25270,25;25270,75
2025-10-09 18:00:57.048;25270,5;1;BID;25271;25271,5
2025-10-09 18:00:57.096;25270,75;1;BID;25271;25271,5
2025-10-09 18:00:57.104;25271;1;BID;25271;25271,5
2025-10-09 18:00:57.112;25271;1;BID;25271;25271,5
2025-10-09 18:00:57.188;25271,25;1;ASK;25271;25271,5
2025-10-09 18:00:57.240;25270,75;1;BID;25271;25271,5
2025-10-09 18:00:57.244;25270,75;1;BID;25271;25271,5
2025-10-09 18:00:57.512;25271,25;1;ASK;25271;25271,5
2025-10-09 18:00:57.608;25271,25;1;ASK;25271;25271,5
2025-10-09 18:00:57.608;25271,25;1;ASK;25271;25271,5
2025-10-09 18:00:57.612;25271,25;1;ASK;25271;25271,5
2025-10-09 18:00:57.616;25271,5;1;ASK;25271;25271,5
2025-10-09 18:00:57.616;25271,5;1;ASK;25271;25271,5
2025-10-09 18:00:57.620;25271,5;1;ASK;25271;25271,5
2025-10-09 18:00:57.632;25271,5;2;ASK;25271;25271,5
2025-10-09 18:00:57.632;25271,5;1;ASK;25271;25271,5
2025-10-09 18:00:57.632;25271,5;1;ASK;25271;25271,5
2025-10-09 18:00:57.664;25271,5;1;ASK;25271;25271,5
2025-10-09 18:00:57.672;25271,25;10;ASK;25271;25271,5
2025-10-09 18:00:57.672;25271,5;1;ASK;25271;25271,5
2025-10-09 18:00:57.676;25271,25;1;ASK;25271;25271,5
2025-10-09 18:00:57.832;25271,5;1;ASK;25271;25271,5
2025-10-09 18:00:58.176;25271;1;ASK;25269,5;25270
2025-10-09 18:00:58.176;25271;1;ASK;25269,5;25270
2025-10-09 18:00:58.176;25271;1;ASK;25269,5;25270
2025-10-09 18:00:58.176;25270,75;1;ASK;25269,5;25270
2025-10-09 18:00:58.176;25270,75;1;ASK;25269,5;25270
2025-10-09 18:00:58.176;25270,75;1;ASK;25269,5;25270
2025-10-09 18:00:58.324;25270,75;1;ASK;25269,5;25270
2025-10-09 18:00:58.616;25270,25;1;ASK;25269,5;25270
2025-10-09 18:00:58.616;25270,25;1;ASK;25269,5;25270
2025-10-09 18:00:58.628;25270,25;1;ASK;25269,5;25270
2025-10-09 18:00:58.724;25270,25;1;ASK;25269,5;25270
2025-10-09 18:00:58.956;25270;1;ASK;25269,5;25270
2025-10-09 18:00:58.956;25270;1;ASK;25269,5;25270
2025-10-09 18:00:59.252;25269,5;1;ASK;25268,75;25269,25
2025-10-09 18:00:59.256;25269,25;2;ASK;25268,75;25269,25
2025-10-09 18:00:59.256;25269,25;3;ASK;25268,75;25269,25
2025-10-09 18:00:59.728;25269;1;ASK;25268,75;25269,25
2025-10-09 18:00:59.972;25269;1;ASK;25268,75;25269,25
2025-10-09 18:00:59.984;25269,25;1;ASK;25268,75;25269,25
2025-10-09 18:00:59.984;25269,25;1;ASK;25268,75;25269,25
2025-10-09 18:01:00.020;25269,25;1;BID;25269,5;25270
2025-10-09 18:01:00.024;25269,25;1;BID;25269,5;25270
2025-10-09 18:01:00.024;25269,25;1;BID;25269,5;25270
2025-10-09 18:01:00.024;25269,25;1;BID;25269,5;25270
2025-10-09 18:01:00.028;25269,5;1;BID;25269,5;25270
2025-10-09 18:01:00.028;25269,5;1;BID;25269,5;25270
2025-10-09 18:01:00.028;25269,5;1;BID;25269,5;25270
2025-10-09 18:01:00.028;25269,5;1;BID;25269,5;25270
2025-10-09 18:01:00.028;25269,5;1;BID;25269,5;25270
2025-10-09 18:01:00.028;25269,5;1;BID;25269,5;25270
2025-10-09 18:01:00.028;25269,75;1;ASK;25269,5;25270
2025-10-09 18:01:00.028;25269,75;1;ASK;25269,5;25270
2025-10-09 18:01:00.028;25269,75;1;ASK;25269,5;25270
2025-10-09 18:01:00.028;25269,75;1;ASK;25269,5;25270
2025-10-09 18:01:00.028;25269,75;1;ASK;25269,5;25270
2025-10-09 18:01:00.028;25269,75;1;ASK;25269,5;25270
2025-10-09 18:01:00.028;25269,75;1;ASK;25269,5;25270
2025-10-09 18:01:00.028;25269,75;1;ASK;25269,5;25270
2025-10-09 18:01:00.032;25270;1;ASK;25269,5;25270
2025-10-09 18:01:00.136;25269,5;1;BID;25269,5;25270
2025-10-09 18:01:00.208;25269,25;1;BID;25269,5;25270
2025-10-09 18:01:00.208;25269,25;1;BID;25269,5;25270
2025-10-09 18:01:00.208;25269,25;1;BID;25269,5;25270
2025-10-09 18:01:00.328;25269,5;1;BID;25269,5;25270
2025-10-09 18:01:01.032;25270;1;ASK;25269,5;25270
2025-10-09 18:01:01.032;25270;1;ASK;25269,5;25270
2025-10-09 18:01:01.032;25270;1;ASK;25269,5;25270
2025-10-09 18:01:01.032;25270;1;ASK;25269,5;25270
2025-10-09 18:01:01.036;25270,25;1;ASK;25269,5;25270
2025-10-09 18:01:01.036;25270,25;1;ASK;25269,5;25270
2025-10-09 18:01:01.036;25270,25;1;ASK;25269,5;25270
2025-10-09 18:01:01.100;25269,5;1;BID;25269,5;25270
2025-10-09 18:01:01.100;25269,5;1;BID;25269,5;25270
2025-10-09 18:01:01.100;25269,5;1;BID;25269,5;25270
2025-10-09 18:01:01.212;25269,5;1;BID;25269,5;25270
2025-10-09 18:01:01.272;25269,75;1;ASK;25269,5;25270
2025-10-09 18:01:01.272;25269,75;1;ASK;25269,5;25270
2025-10-09 18:01:01.272;25269,75;1;ASK;25269,5;25270
2025-10-09 18:01:01.284;25270;1;ASK;25269,5;25270
2025-10-09 18:01:01.308;25270;1;ASK;25269,5;25270
2025-10-09 18:01:01.348;25270;1;ASK;25269,5;25270
2025-10-09 18:01:01.556;25270;1;ASK;25269,5;25270
2025-10-09 18:01:01.556;25270;1;ASK;25269,5;25270
2025-10-09 18:01:01.644;25270;1;ASK;25269,5;25270
2025-10-09 18:01:01.644;25270;1;ASK;25269,5;25270
2025-10-09 18:01:01.652;25269,75;1;ASK;25269,5;25270
2025-10-09 18:01:01.652;25269,75;1;ASK;25269,5;25270
2025-10-09 18:01:01.652;25269,75;1;ASK;25269,5;25270
2025-10-09 18:01:02.100;25270;1;BID;25270,75;25271
2025-10-09 18:01:02.100;25270;1;BID;25270,75;25271
2025-10-09 18:01:02.164;25270;1;BID;25270,75;25271
2025-10-09 18:01:02.164;25270;1;BID;25270,75;25271
2025-10-09 18:01:02.636;25270,25;1;BID;25270,75;25271
2025-10-09 18:01:02.772;25270,25;1;BID;25270,75;25271
2025-10-09 18:01:02.772;25270,25;1;BID;25270,75;25271
2025-10-09 18:01:02.772;25270,25;1;BID;25270,75;25271
2025-10-09 18:01:02.772;25270,25;1;BID;25270,75;25271
2025-10-09 18:01:02.776;25270,5;1;BID;25270,75;25271
2025-10-09 18:01:02.780;25270,75;1;BID;25270,75;25271
2025-10-09 18:01:02.784;25270,75;1;BID;25270,75;25271
2025-10-09 18:01:03.008;25271;1;ASK;25270,75;25271,25
2025-10-09 18:01:03.012;25271;1;ASK;25270,75;25271,25
2025-10-09 18:01:03.012;25271;1;ASK;25270,75;25271,25
2025-10-09 18:01:03.100;25270,75;1;BID;25270,75;25271,25
2025-10-09 18:01:03.216;25271;1;ASK;25270,75;25271,25
2025-10-09 18:01:03.320;25271,25;1;ASK;25270,75;25271,25
2025-10-09 18:01:03.376;25270,75;1;BID;25270,75;25271,25
2025-10-09 18:01:03.376;25270,75;1;BID;25270,75;25271,25
2025-10-09 18:01:03.376;25270,75;1;BID;25270,75;25271,25
2025-10-09 18:01:03.376;25270,75;1;BID;25270,75;25271,25
2025-10-09 18:01:03.428;25271,25;1;ASK;25270,75;25271,25
2025-10-09 18:01:03.428;25271,25;1;ASK;25270,75;25271,25
2025-10-09 18:01:03.700;25271;1;ASK;25270,75;25271,25
2025-10-09 18:01:03.700;25271;1;ASK;25270,75;25271,25
2025-10-09 18:01:04.216;25271,25;1;ASK;25270,5;25271
2025-10-09 18:01:04.216;25271,25;1;ASK;25270,5;25271
2025-10-09 18:01:04.216;25271;1;ASK;25270,5;25271
2025-10-09 18:01:04.216;25270,75;1;ASK;25270,5;25271
2025-10-09 18:01:04.216;25270,75;1;ASK;25270,5;25271
2025-10-09 18:01:04.372;25270,5;2;BID;25270,5;25271
2025-10-09 18:01:04.372;25270,5;1;BID;25270,5;25271
2025-10-09 18:01:04.444;25270,5;1;BID;25270,5;25271
2025-10-09 18:01:04.768;25270,25;1;BID;25270,5;25271
2025-10-09 18:01:04.796;25270,25;1;BID;25270,5;25271
2025-10-09 18:01:04.796;25270,25;1;BID;25270,5;25271
2025-10-09 18:01:04.796;25270,25;1;BID;25270,5;25271
2025-10-09 18:01:04.980;25270,75;1;ASK;25270,5;25271
2025-10-09 18:01:06.100;25270,25;1;ASK;25269,75;25270,25
2025-10-09 18:01:06.100;25270,25;1;ASK;25269,75;25270,25
2025-10-09 18:01:06.100;25270,25;1;ASK;25269,75;25270,25
2025-10-09 18:01:06.448;25270;1;ASK;25269,75;25270,25
2025-10-09 18:01:06.740;25270,5;1;ASK;25269,75;25270,25
2025-10-09 18:01:06.740;25270,5;1;ASK;25269,75;25270,25
2025-10-09 18:01:06.808;25270;1;ASK;25269,75;25270,25
2025-10-09 18:01:06.808;25270;1;ASK;25269,75;25270,25
2025-10-09 18:01:07.836;25270;1;ASK;25269,75;25270
2025-10-09 18:01:07.836;25270;1;ASK;25269,75;25270
2025-10-09 18:01:08.052;25269,75;1;BID;25270;25270,5
2025-10-09 18:01:08.260;25270;1;BID;25270;25270,5
2025-10-09 18:01:08.504;25270,25;2;ASK;25270;25270,5
2025-10-09 18:01:08.516;25270,75;1;ASK;25270;25270,5
2025-10-09 18:01:08.980;25270,25;1;ASK;25270;25270,5
2025-10-09 18:01:09.048;25270,25;1;ASK;25270;25270,5
2025-10-09 18:01:09.048;25270,25;1;ASK;25270;25270,5
2025-10-09 18:01:09.436;25270;1;BID;25270;25270,5
2025-10-09 18:01:09.436;25270;1;BID;25270;25270,5
2025-10-09 18:01:09.436;25270;1;BID;25270;25270,5
2025-10-09 18:01:09.828;25270,5;1;ASK;25270;25270,5
2025-10-09 18:01:09.856;25270,75;1;ASK;25270;25270,5
2025-10-09 18:01:09.988;25270,5;1;ASK;25270;25270,5
2025-10-09 18:01:09.988;25270,5;1;ASK;25270;25270,5
2025-10-09 18:01:09.988;25270,5;1;ASK;25270;25270,5
2025-10-09 18:01:09.988;25270,5;1;ASK;25270;25270,5
2025-10-09 18:01:09.988;25270,5;1;ASK;25270;25270,5
2025-10-09 18:01:10.104;25270,25;1;ASK;25270;25270,5
2025-10-09 18:01:10.104;25270,25;1;ASK;25270;25270,5
2025-10-09 18:01:10.104;25270,25;1;ASK;25270;25270,5
2025-10-09 18:01:10.228;25270,25;1;ASK;25270;25270,5
2025-10-09 18:01:10.228;25270,25;1;ASK;25270;25270,5
2025-10-09 18:01:10.228;25270;1;BID;25270;25270,5
2025-10-09 18:01:10.228;25270;1;BID;25270;25270,5
2025-10-09 18:01:10.228;25270;1;BID;25270;25270,5
2025-10-09 18:01:10.228;25270;1;BID;25270;25270,5
2025-10-09 18:01:10.228;25270;1;BID;25270;25270,5
2025-10-09 18:01:10.228;25270;1;BID;25270;25270,5
2025-10-09 18:01:10.228;25270;1;BID;25270;25270,5
2025-10-09 18:01:10.228;25270;1;BID;25270;25270,5
2025-10-09 18:01:10.228;25270;1;BID;25270;25270,5
2025-10-09 18:01:10.228;25269,75;1;BID;25270;25270,5
2025-10-09 18:01:10.228;25269,75;1;BID;25270;25270,5
2025-10-09 18:01:10.228;25269,75;1;BID;25270;25270,5
2025-10-09 18:01:10.228;25269,75;1;BID;25270;25270,5
2025-10-09 18:01:10.228;25269,75;1;BID;25270;25270,5
2025-10-09 18:01:10.228;25269,75;1;BID;25270;25270,5
2025-10-09 18:01:10.228;25269,75;1;BID;25270;25270,5
2025-10-09 18:01:10.228;25269,75;1;BID;25270;25270,5
2025-10-09 18:01:10.228;25269,5;1;BID;25270;25270,5
2025-10-09 18:01:10.228;25269,5;1;BID;25270;25270,5
2025-10-09 18:01:10.228;25269,5;1;BID;25270;25270,5
2025-10-09 18:01:10.228;25269,5;1;BID;25270;25270,5
2025-10-09 18:01:10.228;25269,5;1;BID;25270;25270,5
2025-10-09 18:01:10.228;25269,5;1;BID;25270;25270,5
2025-10-09 18:01:10.304;25270;1;BID;25270;25270,5
2025-10-09 18:01:10.304;25270;1;BID;25270;25270,5
2025-10-09 18:01:10.304;25270,25;1;ASK;25270;25270,5
2025-10-09 18:01:10.304;25270,25;1;ASK;25270;25270,5
2025-10-09 18:01:10.304;25270,25;1;ASK;25270;25270,5
2025-10-09 18:01:10.772;25270,25;1;ASK;25270;25270,5
2025-10-09 18:01:11.304;25270;1;BID;25270;25270,5
2025-10-09 18:01:12.176;25270,5;1;ASK;25269,5;25270
2025-10-09 18:01:12.456;25270,5;1;ASK;25269,5;25270
2025-10-09 18:01:12.456;25270,5;1;ASK;25269,5;25270
2025-10-09 18:01:12.468;25270,5;1;ASK;25269,5;25270
2025-10-09 18:01:12.472;25270,25;1;ASK;25269,5;25270
2025-10-09 18:01:13.012;25270;1;ASK;25269,75;25270,25
2025-10-09 18:01:13.012;25269,75;1;BID;25269,75;25270,25
2025-10-09 18:01:13.012;25269,75;1;BID;25269,75;25270,25
2025-10-09 18:01:13.020;25269,75;1;BID;25269,75;25270,25
2025-10-09 18:01:13.596;25269,5;1;BID;25269,75;25270,25
2025-10-09 18:01:13.864;25269,75;1;BID;25269,75;25270,25
2025-10-09 18:01:13.876;25269,5;1;BID;25269,75;25270,25
2025-10-09 18:01:13.876;25269,5;1;BID;25269,75;25270,25
2025-10-09 18:01:13.876;25269,5;1;BID;25269,75;25270,25
2025-10-09 18:01:13.984;25270;1;ASK;25269,75;25270,25
2025-10-09 18:01:13.984;25270;1;ASK;25269,75;25270,25
2025-10-09 18:01:14.232;25270;1;ASK;25269;25269,5
2025-10-09 18:01:14.544;25269,25;1;ASK;25269;25269,5
2025-10-09 18:01:14.544;25269,25;1;ASK;25269;25269,5
2025-10-09 18:01:14.808;25269,5;1;ASK;25269;25269,5
2025-10-09 18:01:14.820;25269,25;2;ASK;25269;25269,5
2025-10-09 18:01:14.820;25269,25;1;ASK;25269;25269,5
2025-10-09 18:01:14.820;25269,25;1;ASK;25269;25269,5
2025-10-09 18:01:15.160;25269,25;1;ASK;25268,5;25269
2025-10-09 18:01:15.160;25269,25;1;ASK;25268,5;25269
2025-10-09 18:01:15.400;25268,75;1;ASK;25268,5;25269
2025-10-09 18:01:15.612;25269;1;ASK;25268,5;25269
2025-10-09 18:01:16.116;25269;1;ASK;25268,75;25269,25
2025-10-09 18:01:16.280;25269,25;1;ASK;25268,75;25269,25
2025-10-09 18:01:16.500;25269;1;ASK;25268,75;25269,25
2025-10-09 18:01:17.188;25268,75;1;ASK;25268;25268,5
2025-10-09 18:01:17.292;25268,75;1;ASK;25268;25268,5
2025-10-09 18:01:17.444;25267,75;1;BID;25268;25268,5
2025-10-09 18:01:17.444;25267,75;1;BID;25268;25268,5
2025-10-09 18:01:17.444;25267,75;1;BID;25268;25268,5
2025-10-09 18:01:17.444;25267,75;2;BID;25268;25268,5
2025-10-09 18:01:17.448;25268;1;BID;25268;25268,5
2025-10-09 18:01:17.448;25268;1;BID;25268;25268,5
2025-10-09 18:01:17.448;25268;1;BID;25268;25268,5
2025-10-09 18:01:17.452;25267,75;1;BID;25268;25268,5
2025-10-09 18:01:17.456;25267,75;1;BID;25268;25268,5
2025-10-09 18:01:17.460;25267,75;1;BID;25268;25268,5
2025-10-09 18:01:17.468;25267,5;1;BID;25268;25268,5
2025-10-09 18:01:17.468;25267,25;1;BID;25268;25268,5
2025-10-09 18:01:17.468;25267,75;1;BID;25268;25268,5
2025-10-09 18:01:17.616;25267,5;1;BID;25268;25268,5
2025-10-09 18:01:17.620;25267,75;1;BID;25268;25268,5
2025-10-09 18:01:17.860;25267,75;1;BID;25268;25268,5
2025-10-09 18:01:17.864;25268;1;BID;25268;25268,5
2025-10-09 18:01:17.864;25268;1;BID;25268;25268,5
2025-10-09 18:01:18.116;25268,5;1;ASK;25267,75;25268,25
2025-10-09 18:01:18.116;25268,5;1;ASK;25267,75;25268,25
2025-10-09 18:01:18.116;25268,5;1;ASK;25267,75;25268,25
2025-10-09 18:01:19.608;25267,75;1;BID;25267,75;25268,25
2025-10-09 18:01:20.664;25269;1;ASK;25268;25268,5
2025-10-09 18:01:20.904;25268,25;1;ASK;25268;25268,5
2025-10-09 18:01:20.904;25268;1;BID;25268;25268,5
2025-10-09 18:01:21.012;25268,25;1;BID;25268,75;25269,25
2025-10-09 18:01:21.136;25269;1;ASK;25268,75;25269,25
2025-10-09 18:01:21.212;25269;1;ASK;25268,75;25269,25
2025-10-09 18:01:21.412;25269,25;1;ASK;25268,75;25269,25
2025-10-09 18:01:21.412;25269,25;1;ASK;25268,75;25269,25
2025-10-09 18:01:22.028;25268,75;1;BID;25268,75;25269,25
2025-10-09 18:01:22.028;25268,75;1;BID;25268,75;25269,25
2025-10-09 18:01:22.372;25269;1;ASK;25268,75;25269,25
2025-10-09 18:01:22.644;25269,25;1;ASK;25268,75;25269,25
2025-10-09 18:01:22.644;25269,25;1;ASK;25268,75;25269,25
2025-10-09 18:01:22.728;25269;1;ASK;25268,75;25269,25
2025-10-09 18:01:22.732;25269;1;ASK;25268,75;25269,25
2025-10-09 18:01:22.784;25269;1;ASK;25268,75;25269,25
2025-10-09 18:01:22.784;25269;1;ASK;25268,75;25269,25
2025-10-09 18:01:23.252;25269,5;1;BID;25270;25270,5
2025-10-09 18:01:23.252;25269,5;1;BID;25270;25270,5
2025-10-09 18:01:23.252;25269,5;1;BID;25270;25270,5
2025-10-09 18:01:23.256;25269,75;1;BID;25270;25270,5
2025-10-09 18:01:23.284;25269,75;1;BID;25270;25270,5
2025-10-09 18:01:23.448;25269,75;1;BID;25270;25270,5
2025-10-09 18:01:23.452;25269,75;1;BID;25270;25270,5
2025-10-09 18:01:23.680;25270,25;1;ASK;25270;25270,5
2025-10-09 18:01:24.248;25270,75;1;ASK;25270,5;25271
2025-10-09 18:01:24.252;25270,75;1;ASK;25270,5;25271
2025-10-09 18:01:24.388;25270,75;1;ASK;25270,5;25271
2025-10-09 18:01:24.396;25270,5;1;BID;25270,5;25271
2025-10-09 18:01:24.396;25270,5;1;BID;25270,5;25271
2025-10-09 18:01:24.640;25270,75;1;ASK;25270,5;25271
2025-10-09 18:01:24.644;25271;1;ASK;25270,5;25271
2025-10-09 18:01:24.644;25271;1;ASK;25270,5;25271
2025-10-09 18:01:24.644;25271;1;ASK;25270,5;25271
2025-10-09 18:01:24.644;25271;3;ASK;25270,5;25271
2025-10-09 18:01:24.644;25271;1;ASK;25270,5;25271
2025-10-09 18:01:25.248;25270,75;1;ASK;25270,25;25270,5
2025-10-09 18:01:25.248;25270,5;1;ASK;25270,25;25270,5
2025-10-09 18:01:25.248;25270,5;1;ASK;25270,25;25270,5
2025-10-09 18:01:25.376;25269,75;1;BID;25270,25;25270,5
2025-10-09 18:01:25.376;25269,75;1;BID;25270,25;25270,5
2025-10-09 18:01:25.388;25270;1;BID;25270,25;25270,5
2025-10-09 18:01:25.556;25270;1;BID;25270,25;25270,5
2025-10-09 18:01:25.872;25270,25;1;BID;25270,25;25270,5
2025-10-09 18:01:25.872;25270,25;1;BID;25270,25;25270,5
2025-10-09 18:01:25.872;25270,25;1;BID;25270,25;25270,5
2025-10-09 18:01:25.872;25270,25;1;BID;25270,25;25270,5
2025-10-09 18:01:25.872;25270;1;BID;25270,25;25270,5
2025-10-09 18:01:25.872;25270,25;1;BID;25270,25;25270,5
2025-10-09 18:01:25.876;25270;1;BID;25270,25;25270,5
2025-10-09 18:01:25.876;25270;1;BID;25270,25;25270,5
2025-10-09 18:01:25.884;25270,25;1;BID;25270,25;25270,5
2025-10-09 18:01:25.944;25270,5;1;ASK;25270,25;25270,5
2025-10-09 18:01:26.128;25270,75;1;BID;25271;25271,5
2025-10-09 18:01:26.128;25270,75;1;BID;25271;25271,5
2025-10-09 18:01:26.412;25270,5;1;BID;25271;25271,5
2025-10-09 18:01:26.768;25270,5;1;BID;25271;25271,5
2025-10-09 18:01:26.768;25270,75;1;BID;25271;25271,5
2025-10-09 18:01:26.768;25270,75;1;BID;25271;25271,5
2025-10-09 18:01:26.768;25270,75;1;BID;25271;25271,5
2025-10-09 18:01:26.768;25270,75;1;BID;25271;25271,5
2025-10-09 18:01:26.768;25270,75;1;BID;25271;25271,5
2025-10-09 18:01:26.768;25270,75;1;BID;25271;25271,5
2025-10-09 18:01:26.768;25271;1;BID;25271;25271,5
2025-10-09 18:01:26.768;25271;1;BID;25271;25271,5
2025-10-09 18:01:26.768;25271;1;BID;25271;25271,5
2025-10-09 18:01:26.768;25271;1;BID;25271;25271,5
2025-10-09 18:01:26.768;25271;1;BID;25271;25271,5
2025-10-09 18:01:26.768;25271;1;BID;25271;25271,5
2025-10-09 18:01:26.768;25271;1;BID;25271;25271,5
2025-10-09 18:01:26.768;25271;1;BID;25271;25271,5
2025-10-09 18:01:26.768;25271;1;BID;25271;25271,5
2025-10-09 18:01:26.768;25271,25;1;ASK;25271;25271,5
2025-10-09 18:01:26.768;25271,25;1;ASK;25271;25271,5
2025-10-09 18:01:26.768;25271,25;1;ASK;25271;25271,5
2025-10-09 18:01:26.768;25271,25;1;ASK;25271;25271,5
2025-10-09 18:01:26.768;25271,25;1;ASK;25271;25271,5
2025-10-09 18:01:26.768;25271,25;1;ASK;25271;25271,5
2025-10-09 18:01:26.768;25271,25;1;ASK;25271;25271,5
2025-10-09 18:01:26.768;25271,25;1;ASK;25271;25271,5
2025-10-09 18:01:26.768;25271,25;1;ASK;25271;25271,5
2025-10-09 18:01:26.772;25271,25;1;ASK;25271;25271,5
2025-10-09 18:01:26.772;25271,5;1;ASK;25271;25271,5
2025-10-09 18:01:26.772;25271,5;1;ASK;25271;25271,5
2025-10-09 18:01:26.772;25271,5;1;ASK;25271;25271,5
2025-10-09 18:01:26.772;25271,5;1;ASK;25271;25271,5
2025-10-09 18:01:26.772;25271,5;1;ASK;25271;25271,5
2025-10-09 18:01:26.772;25271,5;1;ASK;25271;25271,5
2025-10-09 18:01:26.772;25271,5;1;ASK;25271;25271,5
2025-10-09 18:01:26.776;25271,75;4;ASK;25271;25271,5
2025-10-09 18:01:26.776;25271,75;1;ASK;25271;25271,5
2025-10-09 18:01:26.776;25271,75;1;ASK;25271;25271,5
2025-10-09 18:01:26.780;25271,5;2;ASK;25271;25271,5
2025-10-09 18:01:26.900;25271,25;10;ASK;25271;25271,5
2025-10-09 18:01:26.904;25271,25;1;ASK;25271;25271,5
2025-10-09 18:01:26.904;25271,25;1;ASK;25271;25271,5
2025-10-09 18:01:26.904;25271,25;2;ASK;25271;25271,5
2025-10-09 18:01:26.904;25271,25;4;ASK;25271;25271,5
2025-10-09 18:01:26.904;25271,25;1;ASK;25271;25271,5
2025-10-09 18:01:26.912;25271,25;1;ASK;25271;25271,5
2025-10-09 18:01:26.912;25271,25;20;ASK;25271;25271,5
2025-10-09 18:01:26.912;25271,25;1;ASK;25271;25271,5
2025-10-09 18:01:26.912;25271,25;2;ASK;25271;25271,5
2025-10-09 18:01:26.912;25271,25;1;ASK;25271;25271,5
2025-10-09 18:01:27.108;25271;1;ASK;25268,5;25269
2025-10-09 18:01:27.108;25271;1;ASK;25268,5;25269
2025-10-09 18:01:27.108;25271;1;ASK;25268,5;25269
2025-10-09 18:01:27.116;25271;1;ASK;25268,5;25269
2025-10-09 18:01:27.160;25271;1;ASK;25268,5;25269
2025-10-09 18:01:27.172;25270,75;1;ASK;25268,5;25269
2025-10-09 18:01:27.172;25270,75;1;ASK;25268,5;25269
2025-10-09 18:01:27.204;25270,25;1;ASK;25268,5;25269
2025-10-09 18:01:27.212;25270;1;ASK;25268,5;25269
2025-10-09 18:01:27.212;25270;1;ASK;25268,5;25269
2025-10-09 18:01:27.212;25269,75;1;ASK;25268,5;25269
2025-10-09 18:01:27.416;25268,75;1;ASK;25268,5;25269
2025-10-09 18:01:27.416;25268,75;1;ASK;25268,5;25269
2025-10-09 18:01:27.432;25268,75;1;ASK;25268,5;25269
2025-10-09 18:01:27.432;25268,75;1;ASK;25268,5;25269
2025-10-09 18:01:27.432;25268,75;1;ASK;25268,5;25269
2025-10-09 18:01:27.808;25268,75;1;ASK;25268,5;25269
2025-10-09 18:01:28.812;25269,25;1;BID;25269,75;25270,25
2025-10-09 18:01:28.952;25268,75;1;BID;25269,75;25270,25
2025-10-09 18:01:28.964;25269,25;1;BID;25269,75;25270,25
2025-10-09 18:01:28.964;25269,25;1;BID;25269,75;25270,25
2025-10-09 18:01:28.964;25269,25;1;BID;25269,75;25270,25
2025-10-09 18:01:28.968;25269,75;1;BID;25269,75;25270,25
2025-10-09 18:01:28.968;25269,75;1;BID;25269,75;25270,25
2025-10-09 18:01:28.968;25269,75;1;BID;25269,75;25270,25
2025-10-09 18:01:28.972;25270;1;ASK;25269,75;25270,25
2025-10-09 18:01:28.972;25270;1;ASK;25269,75;25270,25
2025-10-09 18:01:29.112;25270;1;ASK;25269,5;25270
2025-10-09 18:01:29.112;25270;1;ASK;25269,5;25270
2025-10-09 18:01:29.112;25270;1;ASK;25269,5;25270
2025-10-09 18:01:29.788;25269,75;1;ASK;25269,5;25270
2025-10-09 18:01:30.248;25269,75;1;ASK;25269,5;25270
2025-10-09 18:01:30.248;25269,75;1;ASK;25269,5;25270
2025-10-09 18:01:30.476;25269,75;1;ASK;25269,5;25270
2025-10-09 18:01:30.476;25269,75;1;ASK;25269,5;25270
2025-10-09 18:01:30.568;25269,75;1;ASK;25269,5;25270
2025-10-09 18:01:30.568;25270;1;ASK;25269,5;25270
2025-10-09 18:01:30.952;25270;1;ASK;25269,5;25270
2025-10-09 18:01:30.952;25270;1;ASK;25269,5;25270
2025-10-09 18:01:30.952;25270;1;ASK;25269,5;25270
2025-10-09 18:01:31.412;25269,5;1;ASK;25268,75;25269,25
2025-10-09 18:01:31.412;25269,5;1;ASK;25268,75;25269,25
2025-10-09 18:01:31.412;25269,5;1;ASK;25268,75;25269,25
2025-10-09 18:01:31.416;25269,25;1;ASK;25268,75;25269,25
2025-10-09 18:01:31.428;25269;1;ASK;25268,75;25269,25
2025-10-09 18:01:31.428;25269;1;ASK;25268,75;25269,25
2025-10-09 18:01:31.428;25269;1;ASK;25268,75;25269,25
2025-10-09 18:01:31.436;25268,75;1;BID;25268,75;25269,25
2025-10-09 18:01:31.544;25269;1;ASK;25268,75;25269,25
2025-10-09 18:01:31.544;25269;1;ASK;25268,75;25269,25
2025-10-09 18:01:31.800;25268,75;1;BID;25268,75;25269,25
2025-10-09 18:01:32.280;25269,25;1;ASK;25268,25;25268,75
2025-10-09 18:01:32.800;25269;1;ASK;25268,25;25268,75
2025-10-09 18:01:32.812;25268,75;1;ASK;25268,25;25268,75
2025-10-09 18:01:32.812;25268,5;1;ASK;25268,25;25268,75
2025-10-09 18:01:32.812;25268,5;1;ASK;25268,25;25268,75
2025-10-09 18:01:32.812;25268,5;1;ASK;25268,25;25268,75
2025-10-09 18:01:32.812;25268,5;1;ASK;25268,25;25268,75
2025-10-09 18:01:32.812;25268,5;1;ASK;25268,25;25268,75
2025-10-09 18:01:33.032;25268,5;1;ASK;25267,75;25268,25
2025-10-09 18:01:33.196;25268,25;1;ASK;25267,75;25268,25
2025-10-09 18:01:33.488;25268,5;1;ASK;25267,75;25268,25
2025-10-09 18:01:33.488;25268,5;1;ASK;25267,75;25268,25
2025-10-09 18:01:33.488;25268,5;1;ASK;25267,75;25268,25
2025-10-09 18:01:33.492;25268,75;1;ASK;25267,75;25268,25
2025-10-09 18:01:33.492;25268,75;1;ASK;25267,75;25268,25
2025-10-09 18:01:33.492;25269;1;ASK;25267,75;25268,25
2025-10-09 18:01:33.744;25268,5;1;ASK;25267,75;25268,25
2025-10-09 18:01:33.744;25268,5;1;ASK;25267,75;25268,25
2025-10-09 18:01:33.744;25268,5;1;ASK;25267,75;25268,25
2025-10-09 18:01:33.744;25268,25;1;ASK;25267,75;25268,25
2025-10-09 18:01:33.744;25268,25;1;ASK;25267,75;25268,25
2025-10-09 18:01:33.744;25268,25;1;ASK;25267,75;25268,25
2025-10-09 18:01:33.744;25268,25;1;ASK;25267,75;25268,25
2025-10-09 18:01:33.744;25268,25;1;ASK;25267,75;25268,25
2025-10-09 18:01:33.744;25268,25;1;ASK;25267,75;25268,25
2025-10-09 18:01:33.744;25268,25;1;ASK;25267,75;25268,25
2025-10-09 18:01:33.744;25268,25;1;ASK;25267,75;25268,25
2025-10-09 18:01:33.744;25268;1;ASK;25267,75;25268,25
2025-10-09 18:01:33.744;25268;1;ASK;25267,75;25268,25
2025-10-09 18:01:33.744;25268;1;ASK;25267,75;25268,25
2025-10-09 18:01:33.744;25268;2;ASK;25267,75;25268,25
2025-10-09 18:01:33.744;25268;1;ASK;25267,75;25268,25
2025-10-09 18:01:33.744;25268;1;ASK;25267,75;25268,25
2025-10-09 18:01:33.744;25268;1;ASK;25267,75;25268,25
2025-10-09 18:01:33.744;25268;1;ASK;25267,75;25268,25
2025-10-09 18:01:33.744;25267,75;1;BID;25267,75;25268,25
2025-10-09 18:01:34.044;25267,75;1;BID;25267,75;25268
2025-10-09 18:01:34.044;25267,75;1;BID;25267,75;25268
2025-10-09 18:01:34.888;25268,25;1;ASK;25267,75;25268
2025-10-09 18:01:34.896;25268;1;ASK;25267,75;25268
2025-10-09 18:01:35.060;25268;1;BID;25268;25268,5
2025-10-09 18:01:35.132;25268,25;1;ASK;25268;25268,5
2025-10-09 18:01:35.232;25268,25;1;ASK;25268;25268,5
2025-10-09 18:01:35.232;25268,25;1;ASK;25268;25268,5
2025-10-09 18:01:35.232;25268,25;1;ASK;25268;25268,5
2025-10-09 18:01:35.628;25268;1;BID;25268;25268,5
2025-10-09 18:01:35.784;25268,25;1;ASK;25268;25268,5
2025-10-09 18:01:35.820;25268,5;1;ASK;25268;25268,5
2025-10-09 18:01:35.856;25268,25;1;ASK;25268;25268,5
2025-10-09 18:01:36.228;25268,5;1;ASK;25267,5;25268
2025-10-09 18:01:36.228;25268,5;1;ASK;25267,5;25268
2025-10-09 18:01:36.356;25268,5;1;ASK;25267,5;25268
2025-10-09 18:01:36.564;25268;1;ASK;25267,5;25268
2025-10-09 18:01:36.576;25267,75;1;ASK;25267,5;25268
2025-10-09 18:01:37.164;25267,5;1;ASK;25267;25267,5
2025-10-09 18:01:37.164;25267,5;1;ASK;25267;25267,5
2025-10-09 18:01:37.164;25267,5;1;ASK;25267;25267,5
2025-10-09 18:01:37.260;25267,75;1;ASK;25267;25267,5
2025-10-09 18:01:37.260;25268;1;ASK;25267;25267,5
2025-10-09 18:01:37.600;25267,25;1;ASK;25267;25267,5
2025-10-09 18:01:37.600;25267,25;1;ASK;25267;25267,5
2025-10-09 18:01:37.876;25267,25;1;ASK;25267;25267,5
2025-10-09 18:01:38.284;25267,75;1;ASK;25267,25;25267,75
2025-10-09 18:01:38.284;25267,75;1;ASK;25267,25;25267,75
2025-10-09 18:01:38.284;25267,75;1;ASK;25267,25;25267,75
2025-10-09 18:01:38.284;25267,75;1;ASK;25267,25;25267,75
2025-10-09 18:01:38.284;25267,75;1;ASK;25267,25;25267,75
2025-10-09 18:01:38.288;25267,75;1;ASK;25267,25;25267,75
2025-10-09 18:01:38.292;25267,5;1;ASK;25267,25;25267,75
2025-10-09 18:01:38.292;25267,75;1;ASK;25267,25;25267,75
2025-10-09 18:01:38.292;25267,75;1;ASK;25267,25;25267,75
2025-10-09 18:01:38.300;25267,75;1;ASK;25267,25;25267,75
2025-10-09 18:01:38.300;25267,75;1;ASK;25267,25;25267,75
2025-10-09 18:01:38.300;25267,75;1;ASK;25267,25;25267,75
2025-10-09 18:01:38.300;25268;1;ASK;25267,25;25267,75
2025-10-09 18:01:38.300;25268;1;ASK;25267,25;25267,75
2025-10-09 18:01:38.300;25268;1;ASK;25267,25;25267,75
2025-10-09 18:01:38.444;25267,5;1;ASK;25267,25;25267,75
2025-10-09 18:01:38.444;25267,5;1;ASK;25267,25;25267,75
2025-10-09 18:01:38.444;25267,5;1;ASK;25267,25;25267,75
2025-10-09 18:01:38.500;25267,25;1;BID;25267,25;25267,75
2025-10-09 18:01:38.644;25267;1;BID;25267,25;25267,75
2025-10-09 18:01:38.644;25266,75;1;BID;25267,25;25267,75
2025-10-09 18:01:38.824;25267,25;1;BID;25267,25;25267,75
2025-10-09 18:01:38.900;25267,25;1;BID;25267,25;25267,75
2025-10-09 18:01:38.912;25267,5;1;ASK;25267,25;25267,75
2025-10-09 18:01:39.316;25267,25;1;ASK;25266,5;25267
2025-10-09 18:01:39.332;25267;1;ASK;25266,5;25267
2025-10-09 18:01:39.332;25267;1;ASK;25266,5;25267
2025-10-09 18:01:39.360;25267,25;1;ASK;25266,5;25267
2025-10-09 18:01:39.436;25267,25;1;ASK;25266,5;25267
2025-10-09 18:01:39.436;25267,25;1;ASK;25266,5;25267
2025-10-09 18:01:39.436;25267,5;1;ASK;25266,5;25267
2025-10-09 18:01:39.684;25267;1;ASK;25266,5;25267
2025-10-09 18:01:39.876;25266,75;1;ASK;25266,5;25267
2025-10-09 18:01:39.876;25266,75;1;ASK;25266,5;25267
2025-10-09 18:01:39.876;25266,75;1;ASK;25266,5;25267
2025-10-09 18:01:39.876;25266,75;1;ASK;25266,5;25267
2025-10-09 18:01:39.876;25266,5;1;BID;25266,5;25267
2025-10-09 18:01:40.012;25266,5;1;BID;25267;25267,5
2025-10-09 18:01:40.012;25266,5;1;BID;25267;25267,5
2025-10-09 18:01:40.132;25266,25;1;BID;25267;25267,5
2025-10-09 18:01:40.132;25266,25;1;BID;25267;25267,5
2025-10-09 18:01:40.140;25266;1;BID;25267;25267,5
2025-10-09 18:01:40.140;25266;1;BID;25267;25267,5
2025-10-09 18:01:40.184;25266;1;BID;25267;25267,5
2025-10-09 18:01:40.224;25265,75;1;BID;25267;25267,5
2025-10-09 18:01:40.236;25266;1;BID;25267;25267,5
2025-10-09 18:01:40.640;25265,75;1;BID;25267;25267,5
2025-10-09 18:01:40.644;25266;1;BID;25267;25267,5
2025-10-09 18:01:40.728;25266,5;1;BID;25267;25267,5
2025-10-09 18:01:40.740;25266,75;1;BID;25267;25267,5
2025-10-09 18:01:40.780;25266,75;1;BID;25267;25267,5
2025-10-09 18:01:40.780;25266,75;1;BID;25267;25267,5
2025-10-09 18:01:41.312;25267,25;1;ASK;25265,75;25266,25
2025-10-09 18:01:41.592;25266,75;1;ASK;25265,75;25266,25
2025-10-09 18:01:41.592;25266,75;1;ASK;25265,75;25266,25
2025-10-09 18:01:41.592;25266,75;1;ASK;25265,75;25266,25
2025-10-09 18:01:41.592;25266,75;1;ASK;25265,75;25266,25
2025-10-09 18:01:41.596;25266,5;1;ASK;25265,75;25266,25
2025-10-09 18:01:41.596;25266,5;1;ASK;25265,75;25266,25
2025-10-09 18:01:41.596;25266,5;1;ASK;25265,75;25266,25
2025-10-09 18:01:41.596;25266,5;1;ASK;25265,75;25266,25
2025-10-09 18:01:41.620;25266,5;1;ASK;25265,75;25266,25
2025-10-09 18:01:41.620;25266,5;1;ASK;25265,75;25266,25
2025-10-09 18:01:41.620;25266,5;1;ASK;25265,75;25266,25
2025-10-09 18:01:41.620;25266,5;1;ASK;25265,75;25266,25
2025-10-09 18:01:41.620;25266,5;1;ASK;25265,75;25266,25
2025-10-09 18:01:41.620;25266,5;1;ASK;25265,75;25266,25
2025-10-09 18:01:41.620;25266,5;1;ASK;25265,75;25266,25
2025-10-09 18:01:42.048;25265,75;1;BID;25266,25;25266,75
2025-10-09 18:01:42.048;25265,75;1;BID;25266,25;25266,75
2025-10-09 18:01:42.048;25265,75;1;BID;25266,25;25266,75
2025-10-09 18:01:42.296;25266,5;1;ASK;25266,25;25266,75
2025-10-09 18:01:42.324;25266;1;BID;25266,25;25266,75
2025-10-09 18:01:42.332;25266,5;1;ASK;25266,25;25266,75
2025-10-09 18:01:42.332;25266,5;1;ASK;25266,25;25266,75
2025-10-09 18:01:42.332;25266,5;1;ASK;25266,25;25266,75
2025-10-09 18:01:42.500;25266,25;1;BID;25266,25;25266,75
2025-10-09 18:01:42.544;25266,75;4;ASK;25266,25;25266,75
2025-10-09 18:01:42.544;25266,75;2;ASK;25266,25;25266,75
2025-10-09 18:01:42.708;25266;1;BID;25266,25;25266,75
2025-10-09 18:01:42.924;25266,25;1;BID;25266,25;25266,75
2025-10-09 18:01:43.020;25266,75;1;ASK;25266,25;25266,75
2025-10-09 18:01:43.116;25266,5;1;ASK;25266,25;25266,75
2025-10-09 18:01:43.116;25266,5;1;ASK;25266,25;25266,75
2025-10-09 18:01:43.640;25266,25;1;BID;25266,25;25266,75
2025-10-09 18:01:44.348;25266;1;BID;25266,5;25266,75
2025-10-09 18:01:44.348;25266;1;BID;25266,5;25266,75
2025-10-09 18:01:44.348;25266;1;BID;25266,5;25266,75
2025-10-09 18:01:44.408;25266;1;BID;25266,5;25266,75
2025-10-09 18:01:44.460;25266,25;1;BID;25266,5;25266,75
2025-10-09 18:01:44.460;25266,25;1;BID;25266,5;25266,75
2025-10-09 18:01:44.460;25266,25;1;BID;25266,5;25266,75
2025-10-09 18:01:44.504;25266;1;BID;25266,5;25266,75
2025-10-09 18:01:44.508;25266;1;BID;25266,5;25266,75
2025-10-09 18:01:44.508;25266,25;1;BID;25266,5;25266,75
2025-10-09 18:01:44.512;25266;1;BID;25266,5;25266,75
2025-10-09 18:01:44.592;25266;1;BID;25266,5;25266,75
2025-10-09 18:01:44.780;25266,5;1;BID;25266,5;25266,75
2025-10-09 18:01:44.892;25266,5;1;BID;25266,5;25266,75
2025-10-09 18:01:44.892;25266,5;1;BID;25266,5;25266,75
2025-10-09 18:01:45.120;25267;1;ASK;25266,5;25267
2025-10-09 18:01:45.176;25267;1;ASK;25266,5;25267
2025-10-09 18:01:45.336;25267;1;ASK;25266,5;25267
2025-10-09 18:01:46.264;25266,75;1;ASK;25266,25;25266,75
2025-10-09 18:01:46.896;25266,5;1;ASK;25266,25;25266,75
2025-10-09 18:01:47.288;25266,75;1;BID;25266,75;25267,25
2025-10-09 18:01:47.288;25266,75;1;BID;25266,75;25267,25
2025-10-09 18:01:47.308;25267;1;ASK;25266,75;25267,25
2025-10-09 18:01:47.316;25267,25;1;ASK;25266,75;25267,25
2025-10-09 18:01:47.416;25266,75;1;BID;25266,75;25267,25
2025-10-09 18:01:47.700;25267;1;ASK;25266,75;25267,25
2025-10-09 18:01:47.700;25267;1;ASK;25266,75;25267,25
2025-10-09 18:01:47.700;25267;1;ASK;25266,75;25267,25
2025-10-09 18:01:47.700;25267;1;ASK;25266,75;25267,25
2025-10-09 18:01:47.924;25266,75;1;BID;25266,75;25267,25
2025-10-09 18:01:48.408;25267;1;BID;25267;25267,5
2025-10-09 18:01:48.892;25267,25;1;ASK;25267;25267,5
2025-10-09 18:01:48.904;25267,25;1;ASK;25267;25267,5
2025-10-09 18:01:49.512;25266,75;1;BID;25267,25;25267,75
2025-10-09 18:01:49.768;25267;1;BID;25267,25;25267,75
2025-10-09 18:01:49.768;25267;1;BID;25267,25;25267,75
2025-10-09 18:01:49.792;25267,25;1;BID;25267,25;25267,75
2025-10-09 18:01:49.804;25267,5;1;ASK;25267,25;25267,75
2025-10-09 18:01:51.148;25268,5;1;ASK;25267,75;25268,25
2025-10-09 18:01:51.360;25268,75;1;ASK;25267,75;25268,25
2025-10-09 18:01:51.360;25268,75;1;ASK;25267,75;25268,25
2025-10-09 18:01:51.372;25269;1;ASK;25267,75;25268,25
2025-10-09 18:01:51.372;25269,25;1;ASK;25267,75;25268,25
2025-10-09 18:01:52.276;25267,75;1;BID;25267,75;25268,25
2025-10-09 18:01:52.276;25267,75;1;BID;25267,75;25268,25
2025-10-09 18:01:52.536;25268;1;ASK;25267,75;25268,25
2025-10-09 18:01:54.004;25268;1;ASK;25267;25267,5
2025-10-09 18:01:54.004;25268;1;ASK;25267;25267,5
2025-10-09 18:01:54.536;25267,5;1;ASK;25267;25267,5
2025-10-09 18:01:55.332;25266,5;1;ASK;25266;25266,5
2025-10-09 18:01:55.332;25266,5;1;ASK;25266;25266,5
2025-10-09 18:01:55.496;25266;1;BID;25266;25266,5
2025-10-09 18:01:55.500;25265,75;1;BID;25266;25266,5
2025-10-09 18:01:55.508;25265,5;1;BID;25266;25266,5
2025-10-09 18:01:55.536;25266;1;BID;25266;25266,5
2025-10-09 18:01:55.664;25266,25;1;ASK;25266;25266,5
2025-10-09 18:01:55.668;25266,5;1;ASK;25266;25266,5
2025-10-09 18:01:55.668;25266,5;1;ASK;25266;25266,5
2025-10-09 18:01:55.668;25266,25;1;ASK;25266;25266,5
2025-10-09 18:01:56.216;25266;1;BID;25266;25266,5
2025-10-09 18:01:56.948;25266;1;BID;25266;25266,5
2025-10-09 18:01:56.948;25266;1;BID;25266;25266,5
2025-10-09 18:01:56.948;25266;1;BID;25266;25266,5
2025-10-09 18:01:57.124;25266;1;BID;25267,25;25267,75
2025-10-09 18:01:57.124;25266;1;BID;25267,25;25267,75
2025-10-09 18:01:57.124;25266;1;BID;25267,25;25267,75
2025-10-09 18:01:57.124;25266;1;BID;25267,25;25267,75
2025-10-09 18:01:57.124;25265,75;1;BID;25267,25;25267,75
2025-10-09 18:01:57.124;25265,75;1;BID;25267,25;25267,75
2025-10-09 18:01:57.124;25265,75;1;BID;25267,25;25267,75
2025-10-09 18:01:57.124;25265,75;1;BID;25267,25;25267,75
2025-10-09 18:01:57.124;25265,75;1;BID;25267,25;25267,75
2025-10-09 18:01:57.124;25265,75;1;BID;25267,25;25267,75
2025-10-09 18:01:57.124;25266,25;1;BID;25267,25;25267,75
2025-10-09 18:01:57.832;25266,5;1;BID;25267,25;25267,75
2025-10-09 18:01:57.832;25266,5;1;BID;25267,25;25267,75
2025-10-09 18:01:57.844;25266,75;1;BID;25267,25;25267,75
2025-10-09 18:01:57.900;25267,25;1;BID;25267,25;25267,75
2025-10-09 18:01:57.900;25267,25;1;BID;25267,25;25267,75
2025-10-09 18:01:58.252;25268;1;ASK;25267;25267,5
2025-10-09 18:01:58.252;25268;1;ASK;25267;25267,5
2025-10-09 18:01:58.648;25267,25;1;ASK;25267;25267,5
2025-10-09 18:01:59.624;25267;1;BID;25267;25267,5
2025-10-09 18:02:00.024;25267,5;1;BID;25267,75;25268,25
2025-10-09 18:02:00.024;25267,5;1;BID;25267,75;25268,25
2025-10-09 18:02:00.024;25267,5;1;BID;25267,75;25268,25
2025-10-09 18:02:00.028;25267,5;1;BID;25267,75;25268,25
2025-10-09 18:02:00.028;25267,5;1;BID;25267,75;25268,25
2025-10-09 18:02:00.028;25267,75;1;BID;25267,75;25268,25
2025-10-09 18:02:00.028;25267,75;1;BID;25267,75;25268,25
2025-10-09 18:02:00.028;25267,75;1;BID;25267,75;25268,25
2025-10-09 18:02:00.028;25267,75;1;BID;25267,75;25268,25
2025-10-09 18:02:00.028;25267,75;1;BID;25267,75;25268,25
2025-10-09 18:02:00.032;25267,75;1;BID;25267,75;25268,25
2025-10-09 18:02:00.128;25267,25;1;BID;25267,75;25268,25
2025-10-09 18:02:00.128;25267,25;1;BID;25267,75;25268,25
2025-10-09 18:02:00.128;25267,25;1;BID;25267,75;25268,25
2025-10-09 18:02:00.432;25267,25;1;BID;25267,75;25268,25
2025-10-09 18:02:00.652;25267,75;1;BID;25267,75;25268,25
2025-10-09 18:02:00.908;25267,75;1;BID;25267,75;25268,25
2025-10-09 18:02:00.912;25267,5;1;BID;25267,75;25268,25
2025-10-09 18:02:00.912;25267,5;1;BID;25267,75;25268,25
2025-10-09 18:02:00.912;25267,5;1;BID;25267,75;25268,25
2025-10-09 18:02:00.912;25267,5;1;BID;25267,75;25268,25
2025-10-09 18:02:00.952;25267,5;1;BID;25267,75;25268,25
2025-10-09 18:02:00.952;25267,5;1;BID;25267,75;25268,25
2025-10-09 18:02:01.276;25268;1;ASK;25267,75;25268,25
2025-10-09 18:02:01.348;25268,25;1;ASK;25267,75;25268,25
2025-10-09 18:02:01.348;25268,25;1;ASK;25267,75;25268,25
2025-10-09 18:02:01.560;25268;1;ASK;25267,75;25268,25
2025-10-09 18:02:01.812;25268,25;2;ASK;25267,75;25268,25
2025-10-09 18:02:02.444;25268;1;ASK;25266,25;25266,75
2025-10-09 18:02:02.444;25268;1;ASK;25266,25;25266,75
2025-10-09 18:02:02.448;25268;1;ASK;25266,25;25266,75
2025-10-09 18:02:02.732;25267,75;1;ASK;25266,25;25266,75
2025-10-09 18:02:02.732;25267,75;1;ASK;25266,25;25266,75
2025-10-09 18:02:02.732;25267,75;1;ASK;25266,25;25266,75
2025-10-09 18:02:02.732;25267,75;1;ASK;25266,25;25266,75
2025-10-09 18:02:02.920;25266,75;2;ASK;25266,25;25266,75
2025-10-09 18:02:02.920;25266,75;3;ASK;25266,25;25266,75
2025-10-09 18:02:02.920;25266,75;1;ASK;25266,25;25266,75
2025-10-09 18:02:02.920;25266,75;2;ASK;25266,25;25266,75
2025-10-09 18:02:02.924;25266,75;1;ASK;25266,25;25266,75
2025-10-09 18:02:02.924;25266,5;1;ASK;25266,25;25266,75
2025-10-09 18:02:02.924;25266,25;1;BID;25266,25;25266,75
2025-10-09 18:02:02.924;25266,75;1;ASK;25266,25;25266,75
2025-10-09 18:02:02.924;25266,75;1;ASK;25266,25;25266,75
2025-10-09 18:02:02.924;25266,75;1;ASK;25266,25;25266,75
2025-10-09 18:02:02.928;25266,5;1;ASK;25266,25;25266,75
2025-10-09 18:02:02.940;25266,5;1;ASK;25266,25;25266,75
2025-10-09 18:02:02.940;25266,5;1;ASK;25266,25;25266,75
2025-10-09 18:02:03.472;25266,25;1;ASK;25266;25266,5
2025-10-09 18:02:03.472;25266,25;1;ASK;25266;25266,5
2025-10-09 18:02:03.484;25266,25;1;ASK;25266;25266,5
2025-10-09 18:02:03.484;25266,25;1;ASK;25266;25266,5
2025-10-09 18:02:03.484;25266,25;1;ASK;25266;25266,5
2025-10-09 18:02:03.484;25266,25;1;ASK;25266;25266,5
2025-10-09 18:02:03.484;25266,25;1;ASK;25266;25266,5
2025-10-09 18:02:03.500;25266,5;1;ASK;25266;25266,5
2025-10-09 18:02:03.540;25266,5;1;ASK;25266;25266,5
2025-10-09 18:02:03.588;25266;1;BID;25266;25266,5
2025-10-09 18:02:03.652;25266,5;1;ASK;25266;25266,5
2025-10-09 18:02:03.652;25266,5;1;ASK;25266;25266,5
2025-10-09 18:02:03.704;25266,5;1;ASK;25266;25266,5
2025-10-09 18:02:03.748;25266,25;1;ASK;25266;25266,5
2025-10-09 18:02:04.248;25266,25;1;BID;25266,25;25266,75
2025-10-09 18:02:04.248;25266,25;1;BID;25266,25;25266,75
2025-10-09 18:02:04.952;25266,25;1;BID;25266,25;25266,75
2025-10-09 18:02:05.296;25267;1;BID;25267,5;25268
2025-10-09 18:02:05.476;25267,25;1;BID;25267,5;25268
2025-10-09 18:02:05.528;25267,5;1;BID;25267,5;25268
2025-10-09 18:02:05.528;25267,5;1;BID;25267,5;25268
2025-10-09 18:02:05.528;25267,5;1;BID;25267,5;25268
2025-10-09 18:02:05.528;25267,5;1;BID;25267,5;25268
2025-10-09 18:02:05.532;25267,75;1;ASK;25267,5;25268
2025-10-09 18:02:05.560;25267,5;1;BID;25267,5;25268
2025-10-09 18:02:05.872;25268;1;ASK;25267,5;25268
2025-10-09 18:02:06.152;25268;1;ASK;25267,5;25268
2025-10-09 18:02:06.152;25268;1;ASK;25267,5;25268
2025-10-09 18:02:06.552;25267,75;1;ASK;25267,5;25268
2025-10-09 18:02:06.552;25267,75;1;ASK;25267,5;25268
2025-10-09 18:02:06.552;25267,75;1;ASK;25267,5;25268
2025-10-09 18:02:06.552;25267,75;1;ASK;25267,5;25268
2025-10-09 18:02:06.552;25267,75;1;ASK;25267,5;25268
2025-10-09 18:02:06.552;25267,75;1;ASK;25267,5;25268
2025-10-09 18:02:06.552;25268;1;ASK;25267,5;25268
2025-10-09 18:02:06.552;25268;1;ASK;25267,5;25268
2025-10-09 18:02:06.552;25268;1;ASK;25267,5;25268
2025-10-09 18:02:06.552;25268;1;ASK;25267,5;25268
2025-10-09 18:02:06.552;25268;1;ASK;25267,5;25268
2025-10-09 18:02:06.552;25268;1;ASK;25267,5;25268
2025-10-09 18:02:07.028;25267,75;1;ASK;25267,25;25267,75
2025-10-09 18:02:07.028;25267,75;1;ASK;25267,25;25267,75
2025-10-09 18:02:08.164;25267,25;1;BID;25267,25;25267,5
2025-10-09 18:02:09.016;25267,25;1;ASK;25266,75;25267,25
2025-10-09 18:02:09.016;25267,25;1;ASK;25266,75;25267,25
2025-10-09 18:02:10.368;25267,25;1;ASK;25264,75;25265,25
2025-10-09 18:02:10.816;25267;1;ASK;25264,75;25265,25
2025-10-09 18:02:10.828;25266,5;1;ASK;25264,75;25265,25
2025-10-09 18:02:10.828;25266,5;1;ASK;25264,75;25265,25
2025-10-09 18:02:10.832;25266,5;1;ASK;25264,75;25265,25
2025-10-09 18:02:10.832;25266,5;1;ASK;25264,75;25265,25
2025-10-09 18:02:10.872;25265,5;1;ASK;25264,75;25265,25
2025-10-09 18:02:10.876;25265,5;1;ASK;25264,75;25265,25
2025-10-09 18:02:10.876;25265,25;1;ASK;25264,75;25265,25
2025-10-09 18:02:10.876;25265,25;1;ASK;25264,75;25265,25
2025-10-09 18:02:10.880;25265;1;ASK;25264,75;25265,25
2025-10-09 18:02:10.880;25265;1;ASK;25264,75;25265,25
2025-10-09 18:02:10.880;25265;1;ASK;25264,75;25265,25
2025-10-09 18:02:10.880;25265,25;1;ASK;25264,75;25265,25
2025-10-09 18:02:10.880;25265,25;1;ASK;25264,75;25265,25
2025-10-09 18:02:10.880;25265,25;1;ASK;25264,75;25265,25
2025-10-09 18:02:10.880;25265,25;1;ASK;25264,75;25265,25
2025-10-09 18:02:10.884;25265,25;1;ASK;25264,75;25265,25
2025-10-09 18:02:10.884;25265,25;1;ASK;25264,75;25265,25
2025-10-09 18:02:10.884;25265;1;ASK;25264,75;25265,25
2025-10-09 18:02:10.884;25264,75;1;BID;25264,75;25265,25
2025-10-09 18:02:10.884;25264,75;1;BID;25264,75;25265,25
2025-10-09 18:02:10.884;25264,75;1;BID;25264,75;25265,25
2025-10-09 18:02:10.884;25265;1;ASK;25264,75;25265,25
2025-10-09 18:02:10.884;25264,75;1;BID;25264,75;25265,25
2025-10-09 18:02:10.884;25264,75;1;BID;25264,75;25265,25
2025-10-09 18:02:10.884;25264,5;1;BID;25264,75;25265,25
2025-10-09 18:02:10.884;25264,5;2;BID;25264,75;25265,25
2025-10-09 18:02:10.884;25264,25;1;BID;25264,75;25265,25
2025-10-09 18:02:10.896;25264,25;1;BID;25264,75;25265,25
2025-10-09 18:02:10.900;25264,25;1;BID;25264,75;25265,25
2025-10-09 18:02:10.904;25264,5;1;BID;25264,75;25265,25
2025-10-09 18:02:10.904;25264,25;1;BID;25264,75;25265,25
2025-10-09 18:02:10.904;25264,5;1;BID;25264,75;25265,25
2025-10-09 18:02:10.904;25264,5;1;BID;25264,75;25265,25
2025-10-09 18:02:10.904;25264,5;1;BID;25264,75;25265,25
2025-10-09 18:02:10.928;25264,5;1;BID;25264,75;25265,25
2025-10-09 18:02:10.928;25264,25;1;BID;25264,75;25265,25
2025-10-09 18:02:10.936;25264,25;1;BID;25264,75;25265,25
2025-10-09 18:02:10.936;25264;1;BID;25264,75;25265,25
2025-10-09 18:02:10.936;25264;3;BID;25264,75;25265,25
2025-10-09 18:02:10.936;25264;1;BID;25264,75;25265,25
2025-10-09 18:02:10.936;25264;1;BID;25264,75;25265,25
2025-10-09 18:02:10.948;25264,25;1;BID;25264,75;25265,25
2025-10-09 18:02:10.960;25264,75;1;BID;25264,75;25265,25
2025-10-09 18:02:10.960;25264,75;1;BID;25264,75;25265,25
2025-10-09 18:02:10.960;25264,5;1;BID;25264,75;25265,25
2025-10-09 18:02:10.964;25264,75;1;BID;25264,75;25265,25
2025-10-09 18:02:10.964;25264,75;1;BID;25264,75;25265,25
2025-10-09 18:02:10.964;25264,75;1;BID;25264,75;25265,25
2025-10-09 18:02:10.964;25264,75;1;BID;25264,75;25265,25
2025-10-09 18:02:10.964;25265;1;ASK;25264,75;25265,25
2025-10-09 18:02:10.976;25265;1;ASK;25264,75;25265,25
2025-10-09 18:02:11.072;25265,25;1;BID;25266,25;25266,75
2025-10-09 18:02:11.072;25265,25;1;BID;25266,25;25266,75
2025-10-09 18:02:11.072;25265,25;1;BID;25266,25;25266,75
2025-10-09 18:02:11.072;25265,25;1;BID;25266,25;25266,75
2025-10-09 18:02:11.180;25265,5;1;BID;25266,25;25266,75
2025-10-09 18:02:11.248;25265,75;1;BID;25266,25;25266,75
2025-10-09 18:02:11.248;25265,5;1;BID;25266,25;25266,75
2025-10-09 18:02:11.248;25265,5;1;BID;25266,25;25266,75
2025-10-09 18:02:11.336;25265,75;1;BID;25266,25;25266,75
2025-10-09 18:02:11.384;25265,5;1;BID;25266,25;25266,75
2025-10-09 18:02:11.520;25265,5;1;BID;25266,25;25266,75
2025-10-09 18:02:11.780;25266;1;BID;25266,25;25266,75
2025-10-09 18:02:11.780;25266;1;BID;25266,25;25266,75
2025-10-09 18:02:11.780;25266;1;BID;25266,25;25266,75
2025-10-09 18:02:11.780;25266;1;BID;25266,25;25266,75
2025-10-09 18:02:11.780;25266;1;BID;25266,25;25266,75
2025-10-09 18:02:11.780;25266;1;BID;25266,25;25266,75
2025-10-09 18:02:11.780;25266;1;BID;25266,25;25266,75
2025-10-09 18:02:11.780;25266,25;1;BID;25266,25;25266,75
2025-10-09 18:02:11.780;25266,25;1;BID;25266,25;25266,75
2025-10-09 18:02:11.780;25266,25;1;BID;25266,25;25266,75
2025-10-09 18:02:11.780;25266,25;1;BID;25266,25;25266,75
2025-10-09 18:02:11.780;25266,25;1;BID;25266,25;25266,75
2025-10-09 18:02:11.780;25266,25;1;BID;25266,25;25266,75
2025-10-09 18:02:11.780;25266,25;1;BID;25266,25;25266,75
2025-10-09 18:02:11.780;25266,5;1;ASK;25266,25;25266,75
2025-10-09 18:02:11.780;25266,5;1;ASK;25266,25;25266,75
2025-10-09 18:02:11.780;25266,5;1;ASK;25266,25;25266,75
2025-10-09 18:02:11.780;25266,5;1;ASK;25266,25;25266,75
2025-10-09 18:02:11.780;25266,5;1;ASK;25266,25;25266,75
2025-10-09 18:02:11.780;25266,5;1;ASK;25266,25;25266,75
2025-10-09 18:02:11.780;25266,5;1;ASK;25266,25;25266,75
2025-10-09 18:02:11.780;25266,75;1;ASK;25266,25;25266,75
2025-10-09 18:02:11.780;25266,75;1;ASK;25266,25;25266,75
2025-10-09 18:02:11.780;25266,75;1;ASK;25266,25;25266,75
2025-10-09 18:02:11.780;25266,75;1;ASK;25266,25;25266,75
2025-10-09 18:02:11.780;25266,75;1;ASK;25266,25;25266,75
2025-10-09 18:02:11.780;25266,75;1;ASK;25266,25;25266,75
2025-10-09 18:02:11.780;25266,75;1;ASK;25266,25;25266,75
2025-10-09 18:02:11.780;25266,75;1;ASK;25266,25;25266,75
2025-10-09 18:02:11.780;25266,75;1;ASK;25266,25;25266,75
2025-10-09 18:02:11.780;25267;1;ASK;25266,25;25266,75
2025-10-09 18:02:11.780;25267;1;ASK;25266,25;25266,75
2025-10-09 18:02:11.788;25266,25;1;BID;25266,25;25266,75
2025-10-09 18:02:12.404;25266,75;1;BID;25267;25267,5
2025-10-09 18:02:12.404;25266,75;1;BID;25267;25267,5
2025-10-09 18:02:12.404;25266,5;1;BID;25267;25267,5
2025-10-09 18:02:12.404;25266,5;1;BID;25267;25267,5
2025-10-09 18:02:12.408;25266,5;1;BID;25267;25267,5
2025-10-09 18:02:12.588;25267,75;1;ASK;25267;25267,5
2025-10-09 18:02:12.692;25267,75;1;ASK;25267;25267,5
2025-10-09 18:02:12.832;25267,5;1;ASK;25267;25267,5
2025-10-09 18:02:12.832;25267,5;1;ASK;25267;25267,5
2025-10-09 18:02:12.832;25267,5;1;ASK;25267;25267,5
2025-10-09 18:02:13.128;25267,25;1;ASK;25266,25;25266,75
2025-10-09 18:02:13.128;25267,25;1;ASK;25266,25;25266,75
2025-10-09 18:02:13.128;25267;1;ASK;25266,25;25266,75
2025-10-09 18:02:13.240;25267,25;1;ASK;25266,25;25266,75
2025-10-09 18:02:13.240;25267,25;1;ASK;25266,25;25266,75
2025-10-09 18:02:13.636;25266,5;1;ASK;25266,25;25266,75
2025-10-09 18:02:13.888;25266,75;1;ASK;25266,25;25266,75
2025-10-09 18:02:13.888;25266,75;1;ASK;25266,25;25266,75
2025-10-09 18:02:13.888;25266,75;1;ASK;25266,25;25266,75
2025-10-09 18:02:14.008;25266,25;1;ASK;25265,5;25265,75
2025-10-09 18:02:14.008;25266,25;1;ASK;25265,5;25265,75
2025-10-09 18:02:14.008;25266,25;1;ASK;25265,5;25265,75
2025-10-09 18:02:14.336;25265,75;1;ASK;25265,5;25265,75
2025-10-09 18:02:14.400;25265;1;BID;25265,5;25265,75
2025-10-09 18:02:14.744;25265,5;1;BID;25265,5;25265,75
2025-10-09 18:02:14.744;25265,5;1;BID;25265,5;25265,75
2025-10-09 18:02:14.748;25265,5;1;BID;25265,5;25265,75
2025-10-09 18:02:15.004;25265,5;1;ASK;25265,25;25265,5
2025-10-09 18:02:15.300;25265,25;1;BID;25265,25;25265,5
2025-10-09 18:02:15.532;25265;1;BID;25265,25;25265,5
2025-10-09 18:02:15.532;25265;1;BID;25265,25;25265,5
2025-10-09 18:02:15.532;25265;1;BID;25265,25;25265,5
2025-10-09 18:02:15.564;25265;1;BID;25265,25;25265,5
2025-10-09 18:02:15.952;25265,5;1;ASK;25265,25;25265,5
2025-10-09 18:02:16.132;25265,75;1;ASK;25265,25;25265,75
2025-10-09 18:02:16.156;25265,25;1;BID;25265,25;25265,75
2025-10-09 18:02:16.368;25265,25;1;BID;25265,25;25265,75
2025-10-09 18:02:16.368;25265,25;1;BID;25265,25;25265,75
2025-10-09 18:02:16.468;25265,75;1;ASK;25265,25;25265,75
2025-10-09 18:02:16.468;25265,75;1;ASK;25265,25;25265,75
2025-10-09 18:02:16.468;25265,75;1;ASK;25265,25;25265,75
2025-10-09 18:02:16.468;25265,75;1;ASK;25265,25;25265,75
2025-10-09 18:02:16.468;25265,75;1;ASK;25265,25;25265,75
2025-10-09 18:02:16.468;25265,75;1;ASK;25265,25;25265,75
2025-10-09 18:02:16.468;25266;1;ASK;25265,25;25265,75
2025-10-09 18:02:16.468;25266;1;ASK;25265,25;25265,75
2025-10-09 18:02:16.620;25266;1;ASK;25265,25;25265,75
2025-10-09 18:02:16.844;25265,75;1;ASK;25265,25;25265,75
2025-10-09 18:02:16.844;25265,75;1;ASK;25265,25;25265,75
2025-10-09 18:02:16.844;25265,75;1;ASK;25265,25;25265,75
2025-10-09 18:02:16.852;25265,5;1;ASK;25265,25;25265,75
2025-10-09 18:02:18.036;25265,75;5;ASK;25265,25;25265,5
2025-10-09 18:02:18.036;25265,75;3;ASK;25265,25;25265,5
2025-10-09 18:02:18.036;25265,75;1;ASK;25265,25;25265,5
2025-10-09 18:02:18.036;25265,75;1;ASK;25265,25;25265,5
2025-10-09 18:02:18.040;25266;1;ASK;25265,25;25265,5
2025-10-09 18:02:18.040;25266;1;ASK;25265,25;25265,5
2025-10-09 18:02:18.040;25266;1;ASK;25265,25;25265,5
2025-10-09 18:02:18.040;25266;1;ASK;25265,25;25265,5
2025-10-09 18:02:18.040;25266;1;ASK;25265,25;25265,5
2025-10-09 18:02:18.040;25266;1;ASK;25265,25;25265,5
2025-10-09 18:02:18.040;25266,25;1;ASK;25265,25;25265,5
2025-10-09 18:02:18.040;25266,25;1;ASK;25265,25;25265,5
2025-10-09 18:02:18.040;25266,25;1;ASK;25265,25;25265,5
2025-10-09 18:02:18.040;25266,25;1;ASK;25265,25;25265,5
2025-10-09 18:02:18.040;25266,25;1;ASK;25265,25;25265,5
2025-10-09 18:02:18.040;25266,25;1;ASK;25265,25;25265,5
2025-10-09 18:02:18.040;25266,25;1;ASK;25265,25;25265,5
2025-10-09 18:02:18.040;25266,25;1;ASK;25265,25;25265,5
2025-10-09 18:02:18.040;25266,5;1;ASK;25265,25;25265,5
2025-10-09 18:02:18.040;25266,5;1;ASK;25265,25;25265,5
2025-10-09 18:02:18.040;25266,5;1;ASK;25265,25;25265,5
2025-10-09 18:02:18.040;25266,5;1;ASK;25265,25;25265,5
2025-10-09 18:02:18.040;25266,5;1;ASK;25265,25;25265,5
2025-10-09 18:02:18.040;25266,5;1;ASK;25265,25;25265,5
2025-10-09 18:02:18.040;25266,5;1;ASK;25265,25;25265,5
2025-10-09 18:02:18.040;25266,75;1;ASK;25265,25;25265,5
2025-10-09 18:02:18.040;25266,75;1;ASK;25265,25;25265,5
2025-10-09 18:02:18.040;25266,75;1;ASK;25265,25;25265,5
2025-10-09 18:02:18.040;25266,75;1;ASK;25265,25;25265,5
2025-10-09 18:02:18.040;25266,75;1;ASK;25265,25;25265,5
2025-10-09 18:02:18.040;25266,75;1;ASK;25265,25;25265,5
2025-10-09 18:02:18.040;25266,75;1;ASK;25265,25;25265,5
2025-10-09 18:02:18.044;25266,25;1;ASK;25265,25;25265,5
2025-10-09 18:02:18.048;25266;1;ASK;25265,25;25265,5
2025-10-09 18:02:18.048;25265,75;1;ASK;25265,25;25265,5
2025-10-09 18:02:18.048;25265,5;1;ASK;25265,25;25265,5
2025-10-09 18:02:18.048;25265,5;1;ASK;25265,25;25265,5
2025-10-09 18:02:18.052;25266;1;ASK;25265,25;25265,5
2025-10-09 18:02:18.056;25266,25;1;ASK;25265,25;25265,5
2025-10-09 18:02:18.056;25266,25;1;ASK;25265,25;25265,5
2025-10-09 18:02:18.056;25266,25;1;ASK;25265,25;25265,5
2025-10-09 18:02:18.056;25266,25;1;ASK;25265,25;25265,5
2025-10-09 18:02:18.056;25266,25;1;ASK;25265,25;25265,5
2025-10-09 18:02:18.056;25266,25;1;ASK;25265,25;25265,5
2025-10-09 18:02:18.056;25265,75;1;ASK;25265,25;25265,5
2025-10-09 18:02:18.056;25265,75;1;ASK;25265,25;25265,5
2025-10-09 18:02:18.056;25265,75;1;ASK;25265,25;25265,5
2025-10-09 18:02:18.056;25265,75;1;ASK;25265,25;25265,5
2025-10-09 18:02:18.056;25265,75;1;ASK;25265,25;25265,5
2025-10-09 18:02:18.056;25266;1;ASK;25265,25;25265,5
2025-10-09 18:02:18.056;25266;1;ASK;25265,25;25265,5
2025-10-09 18:02:18.056;25266;1;ASK;25265,25;25265,5
2025-10-09 18:02:18.056;25266;1;ASK;25265,25;25265,5
2025-10-09 18:02:18.056;25265,75;1;ASK;25265,25;25265,5
2025-10-09 18:02:18.056;25265,75;1;ASK;25265,25;25265,5
2025-10-09 18:02:18.064;25265,5;1;ASK;25265,25;25265,5
2025-10-09 18:02:18.068;25265,5;1;ASK;25265,25;25265,5
2025-10-09 18:02:18.068;25265,5;1;ASK;25265,25;25265,5
2025-10-09 18:02:18.148;25265,5;1;ASK;25265,25;25265,5
2025-10-09 18:02:18.172;25265,5;1;ASK;25265,25;25265,5
2025-10-09 18:02:18.220;25265,5;1;ASK;25265,25;25265,5
2025-10-09 18:02:18.236;25265,5;1;ASK;25265,25;25265,5
2025-10-09 18:02:18.236;25265,5;1;ASK;25265,25;25265,5
2025-10-09 18:02:18.236;25265,5;1;ASK;25265,25;25265,5
2025-10-09 18:02:18.308;25265,25;1;BID;25265,25;25265,5
2025-10-09 18:02:18.308;25265,25;1;BID;25265,25;25265,5
2025-10-09 18:02:18.308;25265,25;1;BID;25265,25;25265,5
2025-10-09 18:02:18.308;25265,25;1;BID;25265,25;25265,5
2025-10-09 18:02:18.308;25265,25;1;BID;25265,25;25265,5
2025-10-09 18:02:18.308;25265,25;1;BID;25265,25;25265,5
2025-10-09 18:02:18.308;25265,25;1;BID;25265,25;25265,5
2025-10-09 18:02:18.308;25265,25;1;BID;25265,25;25265,5
2025-10-09 18:02:18.308;25265,25;1;BID;25265,25;25265,5
2025-10-09 18:02:18.308;25265,25;1;BID;25265,25;25265,5
2025-10-09 18:02:18.308;25265,25;1;BID;25265,25;25265,5
2025-10-09 18:02:18.308;25265,5;1;ASK;25265,25;25265,5
2025-10-09 18:02:18.308;25265,25;1;BID;25265,25;25265,5
2025-10-09 18:02:18.308;25265,25;1;BID;25265,25;25265,5
2025-10-09 18:02:19.028;25265,25;1;ASK;25262,25;25262,75
2025-10-09 18:02:19.028;25265,25;1;ASK;25262,25;25262,75
2025-10-09 18:02:19.028;25265,25;1;ASK;25262,25;25262,75
2025-10-09 18:02:19.028;25265,25;1;ASK;25262,25;25262,75
2025-10-09 18:02:19.028;25265,25;1;ASK;25262,25;25262,75
2025-10-09 18:02:19.036;25265;1;ASK;25262,25;25262,75
2025-10-09 18:02:19.056;25264,5;1;ASK;25262,25;25262,75
2025-10-09 18:02:19.060;25264,5;1;ASK;25262,25;25262,75
2025-10-09 18:02:19.068;25264,25;1;ASK;25262,25;25262,75
2025-10-09 18:02:19.072;25264;1;ASK;25262,25;25262,75
2025-10-09 18:02:19.072;25263,75;1;ASK;25262,25;25262,75
2025-10-09 18:02:19.072;25263,75;1;ASK;25262,25;25262,75
2025-10-09 18:02:19.072;25263,75;1;ASK;25262,25;25262,75
2025-10-09 18:02:19.072;25263,75;1;ASK;25262,25;25262,75
2025-10-09 18:02:19.076;25263,75;1;ASK;25262,25;25262,75
2025-10-09 18:02:19.076;25263,75;1;ASK;25262,25;25262,75
2025-10-09 18:02:19.080;25263,5;2;ASK;25262,25;25262,75
2025-10-09 18:02:19.080;25263,25;1;ASK;25262,25;25262,75
2025-10-09 18:02:19.080;25263,25;1;ASK;25262,25;25262,75
2025-10-09 18:02:19.080;25263,25;1;ASK;25262,25;25262,75
2025-10-09 18:02:19.080;25263,25;1;ASK;25262,25;25262,75
2025-10-09 18:02:19.132;25263,5;1;ASK;25262,25;25262,75
2025-10-09 18:02:19.132;25263,5;1;ASK;25262,25;25262,75
2025-10-09 18:02:19.136;25263,5;1;ASK;25262,25;25262,75
2025-10-09 18:02:19.136;25263,75;1;ASK;25262,25;25262,75
2025-10-09 18:02:19.136;25263,75;1;ASK;25262,25;25262,75
2025-10-09 18:02:19.140;25263,75;1;ASK;25262,25;25262,75
2025-10-09 18:02:19.140;25263,75;1;ASK;25262,25;25262,75
2025-10-09 18:02:19.140;25263,75;1;ASK;25262,25;25262,75
2025-10-09 18:02:19.276;25263,75;1;ASK;25262,25;25262,75
2025-10-09 18:02:19.276;25263,75;1;ASK;25262,25;25262,75
2025-10-09 18:02:19.276;25263,25;1;ASK;25262,25;25262,75
2025-10-09 18:02:19.276;25263,25;1;ASK;25262,25;25262,75
2025-10-09 18:02:19.276;25263,25;1;ASK;25262,25;25262,75
2025-10-09 18:02:19.280;25263,5;1;ASK;25262,25;25262,75
2025-10-09 18:02:19.280;25263,5;1;ASK;25262,25;25262,75
2025-10-09 18:02:19.564;25263,25;1;ASK;25262,25;25262,75
2025-10-09 18:02:19.564;25263,25;1;ASK;25262,25;25262,75
2025-10-09 18:02:19.700;25263;1;ASK;25262,25;25262,75
2025-10-09 18:02:19.700;25263;2;ASK;25262,25;25262,75
2025-10-09 18:02:19.816;25263;1;ASK;25262,25;25262,75
2025-10-09 18:02:19.816;25263;1;ASK;25262,25;25262,75
2025-10-09 18:02:19.820;25262,75;1;ASK;25262,25;25262,75
2025-10-09 18:02:19.820;25262,75;1;ASK;25262,25;25262,75
2025-10-09 18:02:19.824;25262,5;1;ASK;25262,25;25262,75
2025-10-09 18:02:19.824;25262,5;1;ASK;25262,25;25262,75
2025-10-09 18:02:19.824;25262,25;1;BID;25262,25;25262,75
2025-10-09 18:02:19.824;25262,25;1;BID;25262,25;25262,75
2025-10-09 18:02:19.824;25262,25;1;BID;25262,25;25262,75
2025-10-09 18:02:19.824;25262,25;1;BID;25262,25;25262,75
2025-10-09 18:02:19.824;25262,25;1;BID;25262,25;25262,75
2025-10-09 18:02:19.828;25262,25;1;BID;25262,25;25262,75
2025-10-09 18:02:19.828;25262,25;1;BID;25262,25;25262,75
2025-10-09 18:02:19.828;25262,5;1;ASK;25262,25;25262,75
2025-10-09 18:02:19.828;25262,25;1;BID;25262,25;25262,75
2025-10-09 18:02:19.828;25262,25;1;BID;25262,25;25262,75
2025-10-09 18:02:19.916;25262,5;1;ASK;25262,25;25262,75
2025-10-09 18:02:19.916;25262,5;1;ASK;25262,25;25262,75
2025-10-09 18:02:19.936;25262,5;1;ASK;25262,25;25262,75
2025-10-09 18:02:19.936;25262,5;1;ASK;25262,25;25262,75
2025-10-09 18:02:19.972;25262,5;1;ASK;25262,25;25262,75
2025-10-09 18:02:20.048;25262,75;1;BID;25263,5;25264
2025-10-09 18:02:20.132;25262,5;1;BID;25263,5;25264
2025-10-09 18:02:20.132;25262,5;1;BID;25263,5;25264
2025-10-09 18:02:20.460;25262,75;1;BID;25263,5;25264
2025-10-09 18:02:20.460;25262,75;1;BID;25263,5;25264
2025-10-09 18:02:20.460;25262,75;1;BID;25263,5;25264
2025-10-09 18:02:20.460;25262,75;1;BID;25263,5;25264
2025-10-09 18:02:20.504;25263;1;BID;25263,5;25264
2025-10-09 18:02:20.504;25263;1;BID;25263,5;25264
2025-10-09 18:02:20.516;25263,5;1;BID;25263,5;25264
2025-10-09 18:02:20.552;25263;1;BID;25263,5;25264
2025-10-09 18:02:20.692;25263,25;1;BID;25263,5;25264
2025-10-09 18:02:20.796;25263,75;1;ASK;25263,5;25264
2025-10-09 18:02:20.796;25263,75;1;ASK;25263,5;25264
2025-10-09 18:02:20.912;25263,5;1;BID;25263,5;25264
2025-10-09 18:02:20.912;25263,5;1;BID;25263,5;25264
2025-10-09 18:02:20.924;25263,5;1;BID;25263,5;25264
2025-10-09 18:02:20.924;25263,5;1;BID;25263,5;25264
2025-10-09 18:02:20.964;25263,75;1;ASK;25263,5;25264
2025-10-09 18:02:20.964;25263,75;1;ASK;25263,5;25264
2025-10-09 18:02:20.964;25263,75;1;ASK;25263,5;25264
2025-10-09 18:02:20.964;25263,75;1;ASK;25263,5;25264
2025-10-09 18:02:20.964;25263,75;1;ASK;25263,5;25264
2025-10-09 18:02:20.964;25264;1;ASK;25263,5;25264
2025-10-09 18:02:20.964;25264;1;ASK;25263,5;25264
2025-10-09 18:02:20.964;25264;1;ASK;25263,5;25264
2025-10-09 18:02:21.080;25264;1;ASK;25262,5;25263
2025-10-09 18:02:21.080;25264;1;ASK;25262,5;25263
2025-10-09 18:02:21.080;25264;1;ASK;25262,5;25263
2025-10-09 18:02:21.080;25264;1;ASK;25262,5;25263
2025-10-09 18:02:21.080;25264;1;ASK;25262,5;25263
2025-10-09 18:02:21.080;25264;1;ASK;25262,5;25263
2025-10-09 18:02:21.080;25264,25;1;ASK;25262,5;25263
2025-10-09 18:02:21.080;25264,25;1;ASK;25262,5;25263
2025-10-09 18:02:21.080;25264,25;1;ASK;25262,5;25263
2025-10-09 18:02:21.080;25264,25;1;ASK;25262,5;25263
2025-10-09 18:02:21.080;25264,25;1;ASK;25262,5;25263
2025-10-09 18:02:21.080;25264,25;1;ASK;25262,5;25263
2025-10-09 18:02:21.080;25264,25;1;ASK;25262,5;25263
2025-10-09 18:02:21.080;25264,25;1;ASK;25262,5;25263
2025-10-09 18:02:21.080;25264,5;1;ASK;25262,5;25263
2025-10-09 18:02:21.080;25264,5;1;ASK;25262,5;25263
2025-10-09 18:02:21.136;25264,25;1;ASK;25262,5;25263
2025-10-09 18:02:21.140;25263,75;1;ASK;25262,5;25263
2025-10-09 18:02:21.140;25263,75;1;ASK;25262,5;25263
2025-10-09 18:02:21.140;25263,75;1;ASK;25262,5;25263
2025-10-09 18:02:21.140;25263,75;1;ASK;25262,5;25263
2025-10-09 18:02:21.140;25263,75;1;ASK;25262,5;25263
2025-10-09 18:02:21.140;25263,75;1;ASK;25262,5;25263
2025-10-09 18:02:21.140;25263,75;1;ASK;25262,5;25263
2025-10-09 18:02:21.140;25263,75;1;ASK;25262,5;25263
2025-10-09 18:02:21.140;25263,75;1;ASK;25262,5;25263
2025-10-09 18:02:21.140;25264;1;ASK;25262,5;25263
2025-10-09 18:02:21.396;25263,75;1;ASK;25262,5;25263
2025-10-09 18:02:21.404;25263,75;1;ASK;25262,5;25263
2025-10-09 18:02:21.520;25263,75;1;ASK;25262,5;25263
2025-10-09 18:02:21.540;25264,25;1;ASK;25262,5;25263
2025-10-09 18:02:21.664;25263,5;1;ASK;25262,5;25263
2025-10-09 18:02:21.664;25263,5;1;ASK;25262,5;25263
2025-10-09 18:02:21.852;25263,5;1;ASK;25262,5;25263
2025-10-09 18:02:21.852;25263,5;1;ASK;25262,5;25263
2025-10-09 18:02:21.856;25263,25;1;ASK;25262,5;25263
2025-10-09 18:02:21.856;25263,25;1;ASK;25262,5;25263
2025-10-09 18:02:21.856;25263,25;1;ASK;25262,5;25263
2025-10-09 18:02:21.856;25263,25;1;ASK;25262,5;25263
2025-10-09 18:02:21.892;25262,75;1;ASK;25262,5;25263
2025-10-09 18:02:22.040;25262,75;1;BID;25262,75;25263,25
2025-10-09 18:02:22.156;25262,75;1;BID;25262,75;25263,25
2025-10-09 18:02:22.320;25262,75;1;BID;25262,75;25263,25
2025-10-09 18:02:22.320;25262,75;1;BID;25262,75;25263,25
2025-10-09 18:02:22.320;25263;1;ASK;25262,75;25263,25
2025-10-09 18:02:22.320;25263;1;ASK;25262,75;25263,25
2025-10-09 18:02:22.528;25263;1;ASK;25262,75;25263,25
2025-10-09 18:02:22.808;25262,75;1;BID;25262,75;25263,25
2025-10-09 18:02:22.828;25262,75;1;BID;25262,75;25263,25
2025-10-09 18:02:22.988;25263;1;ASK;25262,75;25263,25
2025-10-09 18:02:22.988;25263;1;ASK;25262,75;25263,25
2025-10-09 18:02:22.992;25263,25;1;ASK;25262,75;25263,25
2025-10-09 18:02:23.132;25263,75;1;BID;25264,25;25264,75
2025-10-09 18:02:23.168;25263,5;1;BID;25264,25;25264,75
2025-10-09 18:02:23.476;25264;1;BID;25264,25;25264,75
2025-10-09 18:02:23.476;25264;1;BID;25264,25;25264,75
2025-10-09 18:02:23.524;25264;1;BID;25264,25;25264,75
2025-10-09 18:02:23.540;25264,5;1;ASK;25264,25;25264,75
2025-10-09 18:02:24.028;25264,5;1;ASK;25264,25;25264,75
2025-10-09 18:02:24.028;25264,75;1;ASK;25264,25;25264,75
2025-10-09 18:02:24.032;25264,5;1;ASK;25264,25;25264,75
2025-10-09 18:02:24.132;25265;1;ASK;25264,25;25264,75
2025-10-09 18:02:24.164;25264,75;1;ASK;25264,25;25264,75
2025-10-09 18:02:24.168;25264,5;1;ASK;25264,25;25264,75
2025-10-09 18:02:24.216;25264,75;1;ASK;25264,25;25264,75
2025-10-09 18:02:24.284;25264,5;1;ASK;25264,25;25264,75
2025-10-09 18:02:24.452;25264,25;1;BID;25264,25;25264,75
2025-10-09 18:02:24.452;25264,25;1;BID;25264,25;25264,75
2025-10-09 18:02:24.452;25264,5;1;ASK;25264,25;25264,75
2025-10-09 18:02:24.616;25264,25;1;BID;25264,25;25264,75
2025-10-09 18:02:24.616;25264,25;1;BID;25264,25;25264,75
2025-10-09 18:02:24.808;25264,75;1;ASK;25264,25;25264,75
2025-10-09 18:02:25.068;25264,25;1;BID;25264,25;25264,75
2025-10-09 18:02:25.308;25264,75;1;ASK;25264,25;25264,75
2025-10-09 18:02:25.460;25264,5;1;ASK;25264,25;25264,75
2025-10-09 18:02:25.500;25264,75;1;ASK;25264,25;25264,75
2025-10-09 18:02:25.560;25264,5;1;ASK;25264,25;25264,75
2025-10-09 18:02:26.508;25264,5;1;ASK;25264,25;25264,5
2025-10-09 18:02:26.972;25264,25;1;BID;25264,25;25264,5
2025-10-09 18:02:27.412;25264,5;1;ASK;25263,75;25264,25
2025-10-09 18:02:27.984;25264,25;1;ASK;25263,75;25264,25
2025-10-09 18:02:28.136;25263,5;1;ASK;25263,25;25263,5
2025-10-09 18:02:28.136;25263,25;1;BID;25263,25;25263,5
2025-10-09 18:02:28.380;25263;1;BID;25263,25;25263,5
2025-10-09 18:02:28.380;25263;1;BID;25263,25;25263,5
2025-10-09 18:02:28.992;25263;1;BID;25263,25;25263,5
2025-10-09 18:02:29.628;25263;1;ASK;25262,75;25263
2025-10-09 18:02:29.628;25263;1;ASK;25262,75;25263
2025-10-09 18:02:29.840;25263,5;2;ASK;25262,75;25263
2025-10-09 18:02:29.840;25263,5;1;ASK;25262,75;25263
2025-10-09 18:02:29.844;25263,5;1;ASK;25262,75;25263
2025-10-09 18:02:29.844;25263,25;1;ASK;25262,75;25263
2025-10-09 18:02:29.844;25263,25;1;ASK;25262,75;25263
2025-10-09 18:02:29.844;25263,25;1;ASK;25262,75;25263
2025-10-09 18:02:29.844;25263,25;1;ASK;25262,75;25263
2025-10-09 18:02:29.844;25263,25;1;ASK;25262,75;25263
2025-10-09 18:02:29.844;25263,25;1;ASK;25262,75;25263
2025-10-09 18:02:29.856;25262,5;1;BID;25262,75;25263
2025-10-09 18:02:29.888;25262,75;1;BID;25262,75;25263
2025-10-09 18:02:29.888;25262,75;1;BID;25262,75;25263
2025-10-09 18:02:29.888;25262,75;1;BID;25262,75;25263
2025-10-09 18:02:29.948;25262,75;1;BID;25262,75;25263
2025-10-09 18:02:29.948;25262,5;1;BID;25262,75;25263
2025-10-09 18:02:29.948;25262,5;1;BID;25262,75;25263
2025-10-09 18:02:30.024;25262,75;1;ASK;25262,25;25262,75
2025-10-09 18:02:30.252;25263;1;ASK;25262,25;25262,75
2025-10-09 18:02:30.376;25262,5;1;ASK;25262,25;25262,75
2025-10-09 18:02:30.376;25262,5;1;ASK;25262,25;25262,75
2025-10-09 18:02:30.424;25262,75;1;ASK;25262,25;25262,75
2025-10-09 18:02:30.424;25262,75;1;ASK;25262,25;25262,75
2025-10-09 18:02:30.424;25262,75;1;ASK;25262,25;25262,75
2025-10-09 18:02:30.424;25262,75;1;ASK;25262,25;25262,75
2025-10-09 18:02:30.424;25262,75;1;ASK;25262,25;25262,75
2025-10-09 18:02:30.488;25262,75;1;ASK;25262,25;25262,75
2025-10-09 18:02:30.900;25262,5;1;ASK;25262,25;25262,75
2025-10-09 18:02:30.900;25262,5;1;ASK;25262,25;25262,75
2025-10-09 18:02:30.900;25262,5;1;ASK;25262,25;25262,75
2025-10-09 18:02:31.688;25262,25;1;BID;25262,5;25263
2025-10-09 18:02:31.688;25262,25;1;BID;25262,5;25263
2025-10-09 18:02:31.688;25262,25;1;BID;25262,5;25263
2025-10-09 18:02:31.688;25262,25;1;BID;25262,5;25263
