Timestamp,Price,Size,Side,DOM_BID,DOM_ASK
2025-10-20 18:08:56.500,25314.0,1,BID,{"25313.5": 6, "25313.25": 5, "25313.0": 5, "25312.75": 3, "25312.5": 5, "25312.25": 4, "25312.0": 8, "25311.75": 5, "25311.5": 3, "25311.25": 6, "25311.0": 4, "25310.75": 4, "25310.5": 6, "25310.25": 3, "25310.0": 5, "25309.75": 4, "25309.5": 4, "25309.25": 4, "25309.0": 10, "25308.75": 4, "25308.5": 5, "25308.25": 3, "25308.0": 8, "25307.75": 4, "25307.5": 7, "25307.25": 2, "25307.0": 4, "25306.75": 6, "25306.5": 4, "25306.25": 4},{"25314.0": 3, "25314.25": 6, "25314.5": 5, "25314.75": 5, "25315.0": 7, "25315.25": 7, "25315.5": 5, "25315.75": 9, "25316.0": 5, "25316.25": 6, "25316.5": 6, "25316.75": 7, "25317.0": 6, "25317.25": 6, "25317.5": 8, "25317.75": 6, "25318.0": 7, "25318.25": 8, "25318.5": 7, "25318.75": 8, "25319.0": 6, "25319.25": 5, "25319.5": 4, "25319.75": 5, "25320.0": 6, "25320.25": 7, "25320.5": 3, "25320.75": 5, "25321.0": 5, "25321.25": 5}
2025-10-20 18:08:56.502,25314.0,1,BID,{"25313.5": 6, "25313.25": 5, "25313.0": 5, "25312.75": 3, "25312.5": 5, "25312.25": 4, "25312.0": 8, "25311.75": 5, "25311.5": 3, "25311.25": 6, "25311.0": 4, "25310.75": 4, "25310.5": 6, "25310.25": 3, "25310.0": 5, "25309.75": 4, "25309.5": 4, "25309.25": 4, "25309.0": 10, "25308.75": 4, "25308.5": 5, "25308.25": 3, "25308.0": 8, "25307.75": 4, "25307.5": 7, "25307.25": 2, "25307.0": 4, "25306.75": 6, "25306.5": 4, "25306.25": 4},{"25314.0": 3, "25314.25": 6, "25314.5": 5, "25314.75": 5, "25315.0": 7, "25315.25": 7, "25315.5": 5, "25315.75": 9, "25316.0": 5, "25316.25": 6, "25316.5": 6, "25316.75": 7, "25317.0": 6, "25317.25": 6, "25317.5": 8, "25317.75": 6, "25318.0": 7, "25318.25": 8, "25318.5": 7, "25318.75": 8, "25319.0": 6, "25319.25": 5, "25319.5": 4, "25319.75": 5, "25320.0": 6, "25320.25": 7, "25320.5": 3, "25320.75": 5, "25321.0": 5, "25321.25": 5}
2025-10-20 18:08:56.740,25313.5,1,ASK,{"25313.5": 2, "25313.25": 4, "25313.0": 5, "25312.75": 3, "25312.5": 5, "25312.25": 4, "25312.0": 8, "25311.75": 5, "25311.5": 3, "25311.25": 6, "25311.0": 4, "25310.75": 4, "25310.5": 6, "25310.25": 3, "25310.0": 5, "25309.75": 4, "25309.5": 4, "25309.25": 4, "25309.0": 11, "25308.75": 4, "25308.5": 5, "25308.25": 3, "25308.0": 8, "25307.75": 4, "25307.5": 7, "25307.25": 2, "25307.0": 4, "25306.75": 6, "25306.5": 4, "25306.25": 5},{"25314.0": 3, "25314.25": 6, "25314.5": 5, "25314.75": 5, "25315.0": 7, "25315.25": 7, "25315.5": 5, "25315.75": 9, "25316.0": 5, "25316.25": 6, "25316.5": 6, "25316.75": 8, "25317.0": 6, "25317.25": 6, "25317.5": 7, "25317.75": 6, "25318.0": 7, "25318.25": 8, "25318.5": 8, "25318.75": 7, "25319.0": 6, "25319.25": 5, "25319.5": 4, "25319.75": 5, "25320.0": 6, "25320.25": 7, "25320.5": 3, "25320.75": 5, "25321.0": 5, "25321.25": 5}
2025-10-20 18:08:56.740,25313.5,1,ASK,{"25313.5": 2, "25313.25": 4, "25313.0": 5, "25312.75": 3, "25312.5": 5, "25312.25": 4, "25312.0": 8, "25311.75": 5, "25311.5": 3, "25311.25": 6, "25311.0": 4, "25310.75": 4, "25310.5": 6, "25310.25": 3, "25310.0": 5, "25309.75": 4, "25309.5": 4, "25309.25": 4, "25309.0": 11, "25308.75": 4, "25308.5": 5, "25308.25": 3, "25308.0": 8, "25307.75": 4, "25307.5": 7, "25307.25": 2, "25307.0": 4, "25306.75": 6, "25306.5": 4, "25306.25": 5},{"25314.0": 3, "25314.25": 6, "25314.5": 5, "25314.75": 5, "25315.0": 7, "25315.25": 7, "25315.5": 5, "25315.75": 9, "25316.0": 5, "25316.25": 6, "25316.5": 6, "25316.75": 8, "25317.0": 6, "25317.25": 6, "25317.5": 7, "25317.75": 6, "25318.0": 7, "25318.25": 8, "25318.5": 8, "25318.75": 7, "25319.0": 6, "25319.25": 5, "25319.5": 4, "25319.75": 5, "25320.0": 6, "25320.25": 7, "25320.5": 3, "25320.75": 5, "25321.0": 5, "25321.25": 5}
2025-10-20 18:08:57.025,25313.25,1,ASK,{"25312.25": 4, "25311.75": 4, "25311.25": 6, "25311.0": 4, "25310.75": 4, "25310.5": 6, "25310.25": 3, "25310.0": 5, "25309.75": 4, "25309.5": 3, "25309.25": 4, "25309.0": 11, "25308.75": 4, "25308.5": 5, "25308.25": 3, "25308.0": 8, "25307.75": 4, "25307.5": 7, "25307.25": 2, "25307.0": 3, "25306.75": 6, "25306.5": 4, "25306.25": 5, "25306.0": 5, "25305.75": 6, "25305.5": 6, "25305.25": 3, "25312.5": 2},{"25313.0": 3, "25313.25": 6, "25313.5": 7, "25313.75": 9, "25314.0": 6, "25314.25": 7, "25314.5": 5, "25314.75": 5, "25315.0": 7, "25315.25": 7, "25315.5": 5, "25315.75": 9, "25316.0": 5, "25316.25": 6, "25316.5": 7, "25316.75": 7, "25317.0": 7, "25317.25": 7, "25317.5": 7, "25317.75": 6, "25318.0": 7, "25318.25": 8, "25318.5": 7, "25318.75": 8, "25319.0": 6, "25319.25": 5, "25319.5": 4, "25319.75": 5, "25320.0": 6, "25320.25": 7}
2025-10-20 18:08:57.026,25313.0,1,ASK,{"25312.25": 4, "25311.75": 4, "25311.25": 6, "25311.0": 4, "25310.75": 4, "25310.5": 6, "25310.25": 3, "25310.0": 5, "25309.75": 4, "25309.5": 3, "25309.25": 4, "25309.0": 11, "25308.75": 4, "25308.5": 5, "25308.25": 3, "25308.0": 8, "25307.75": 4, "25307.5": 7, "25307.25": 2, "25307.0": 3, "25306.75": 6, "25306.5": 4, "25306.25": 5, "25306.0": 5, "25305.75": 6, "25305.5": 6, "25305.25": 3, "25312.5": 2},{"25313.0": 3, "25313.25": 6, "25313.5": 7, "25313.75": 9, "25314.0": 6, "25314.25": 7, "25314.5": 5, "25314.75": 5, "25315.0": 7, "25315.25": 7, "25315.5": 5, "25315.75": 9, "25316.0": 5, "25316.25": 6, "25316.5": 7, "25316.75": 7, "25317.0": 7, "25317.25": 7, "25317.5": 7, "25317.75": 6, "25318.0": 7, "25318.25": 8, "25318.5": 7, "25318.75": 8, "25319.0": 6, "25319.25": 5, "25319.5": 4, "25319.75": 5, "25320.0": 6, "25320.25": 7}
2025-10-20 18:08:57.027,25313.0,1,ASK,{"25312.25": 4, "25311.75": 4, "25311.25": 6, "25311.0": 4, "25310.75": 4, "25310.5": 6, "25310.25": 3, "25310.0": 5, "25309.75": 4, "25309.5": 3, "25309.25": 4, "25309.0": 11, "25308.75": 4, "25308.5": 5, "25308.25": 3, "25308.0": 8, "25307.75": 4, "25307.5": 7, "25307.25": 2, "25307.0": 3, "25306.75": 6, "25306.5": 4, "25306.25": 5, "25306.0": 5, "25305.75": 6, "25305.5": 6, "25305.25": 3, "25312.5": 2},{"25313.0": 3, "25313.25": 6, "25313.5": 7, "25313.75": 9, "25314.0": 6, "25314.25": 7, "25314.5": 5, "25314.75": 5, "25315.0": 7, "25315.25": 7, "25315.5": 5, "25315.75": 9, "25316.0": 5, "25316.25": 6, "25316.5": 7, "25316.75": 7, "25317.0": 7, "25317.25": 7, "25317.5": 7, "25317.75": 6, "25318.0": 7, "25318.25": 8, "25318.5": 7, "25318.75": 8, "25319.0": 6, "25319.25": 5, "25319.5": 4, "25319.75": 5, "25320.0": 6, "25320.25": 7}
2025-10-20 18:08:57.027,25313.0,1,ASK,{"25312.25": 4, "25311.75": 4, "25311.25": 6, "25311.0": 4, "25310.75": 4, "25310.5": 6, "25310.25": 3, "25310.0": 5, "25309.75": 4, "25309.5": 3, "25309.25": 4, "25309.0": 11, "25308.75": 4, "25308.5": 5, "25308.25": 3, "25308.0": 8, "25307.75": 4, "25307.5": 7, "25307.25": 2, "25307.0": 3, "25306.75": 6, "25306.5": 4, "25306.25": 5, "25306.0": 5, "25305.75": 6, "25305.5": 6, "25305.25": 3, "25312.5": 2},{"25313.0": 3, "25313.25": 6, "25313.5": 7, "25313.75": 9, "25314.0": 6, "25314.25": 7, "25314.5": 5, "25314.75": 5, "25315.0": 7, "25315.25": 7, "25315.5": 5, "25315.75": 9, "25316.0": 5, "25316.25": 6, "25316.5": 7, "25316.75": 7, "25317.0": 7, "25317.25": 7, "25317.5": 7, "25317.75": 6, "25318.0": 7, "25318.25": 8, "25318.5": 7, "25318.75": 8, "25319.0": 6, "25319.25": 5, "25319.5": 4, "25319.75": 5, "25320.0": 6, "25320.25": 7}
2025-10-20 18:08:57.028,25313.0,1,ASK,{"25312.25": 4, "25311.75": 4, "25311.25": 6, "25311.0": 4, "25310.75": 4, "25310.5": 6, "25310.25": 3, "25310.0": 5, "25309.75": 4, "25309.5": 3, "25309.25": 4, "25309.0": 11, "25308.75": 4, "25308.5": 5, "25308.25": 3, "25308.0": 8, "25307.75": 4, "25307.5": 7, "25307.25": 2, "25307.0": 3, "25306.75": 6, "25306.5": 4, "25306.25": 5, "25306.0": 5, "25305.75": 6, "25305.5": 6, "25305.25": 3, "25312.5": 2},{"25313.0": 3, "25313.25": 6, "25313.5": 7, "25313.75": 9, "25314.0": 6, "25314.25": 7, "25314.5": 5, "25314.75": 5, "25315.0": 7, "25315.25": 7, "25315.5": 5, "25315.75": 9, "25316.0": 5, "25316.25": 6, "25316.5": 7, "25316.75": 7, "25317.0": 7, "25317.25": 7, "25317.5": 7, "25317.75": 6, "25318.0": 7, "25318.25": 8, "25318.5": 7, "25318.75": 8, "25319.0": 6, "25319.25": 5, "25319.5": 4, "25319.75": 5, "25320.0": 6, "25320.25": 7}
2025-10-20 18:08:57.028,25313.25,1,ASK,{"25312.25": 4, "25311.75": 4, "25311.25": 6, "25311.0": 4, "25310.75": 4, "25310.5": 6, "25310.25": 3, "25310.0": 5, "25309.75": 4, "25309.5": 3, "25309.25": 4, "25309.0": 11, "25308.75": 4, "25308.5": 5, "25308.25": 3, "25308.0": 8, "25307.75": 4, "25307.5": 7, "25307.25": 2, "25307.0": 3, "25306.75": 6, "25306.5": 4, "25306.25": 5, "25306.0": 5, "25305.75": 6, "25305.5": 6, "25305.25": 3, "25312.5": 2},{"25313.0": 3, "25313.25": 6, "25313.5": 7, "25313.75": 9, "25314.0": 6, "25314.25": 7, "25314.5": 5, "25314.75": 5, "25315.0": 7, "25315.25": 7, "25315.5": 5, "25315.75": 9, "25316.0": 5, "25316.25": 6, "25316.5": 7, "25316.75": 7, "25317.0": 7, "25317.25": 7, "25317.5": 7, "25317.75": 6, "25318.0": 7, "25318.25": 8, "25318.5": 7, "25318.75": 8, "25319.0": 6, "25319.25": 5, "25319.5": 4, "25319.75": 5, "25320.0": 6, "25320.25": 7}
2025-10-20 18:08:57.029,25313.0,1,ASK,{"25312.25": 4, "25311.75": 4, "25311.25": 6, "25311.0": 4, "25310.75": 4, "25310.5": 6, "25310.25": 3, "25310.0": 5, "25309.75": 4, "25309.5": 3, "25309.25": 4, "25309.0": 11, "25308.75": 4, "25308.5": 5, "25308.25": 3, "25308.0": 8, "25307.75": 4, "25307.5": 7, "25307.25": 2, "25307.0": 3, "25306.75": 6, "25306.5": 4, "25306.25": 5, "25306.0": 5, "25305.75": 6, "25305.5": 6, "25305.25": 3, "25312.5": 2},{"25313.0": 3, "25313.25": 6, "25313.5": 7, "25313.75": 9, "25314.0": 6, "25314.25": 7, "25314.5": 5, "25314.75": 5, "25315.0": 7, "25315.25": 7, "25315.5": 5, "25315.75": 9, "25316.0": 5, "25316.25": 6, "25316.5": 7, "25316.75": 7, "25317.0": 7, "25317.25": 7, "25317.5": 7, "25317.75": 6, "25318.0": 7, "25318.25": 8, "25318.5": 7, "25318.75": 8, "25319.0": 6, "25319.25": 5, "25319.5": 4, "25319.75": 5, "25320.0": 6, "25320.25": 7}
2025-10-20 18:08:57.087,25313.0,1,BID,{"25313.0": 5, "25312.75": 7, "25312.5": 7, "25312.25": 5, "25312.0": 7, "25311.75": 6, "25311.5": 3, "25311.25": 6, "25311.0": 4, "25310.75": 4, "25310.5": 6, "25310.25": 3, "25310.0": 5, "25309.75": 4, "25309.5": 4, "25309.25": 4, "25309.0": 11, "25308.75": 4, "25308.5": 5, "25308.25": 3, "25308.0": 8, "25307.75": 4, "25307.5": 7, "25307.25": 2, "25307.0": 3, "25306.75": 6, "25306.5": 4, "25306.25": 5, "25306.0": 5, "25305.75": 5},{"25314.0": 6, "25314.25": 7, "25314.5": 5, "25314.75": 5, "25315.0": 7, "25315.25": 7, "25315.5": 5, "25315.75": 9, "25316.0": 5, "25316.25": 6, "25316.5": 7, "25316.75": 7, "25317.0": 7, "25317.25": 7, "25317.5": 7, "25317.75": 6, "25318.0": 7, "25318.25": 8, "25318.5": 7, "25318.75": 8, "25319.0": 6, "25319.25": 5, "25319.5": 4, "25319.75": 5, "25320.0": 6, "25320.25": 7, "25320.5": 3, "25320.75": 5, "25313.75": 7}
2025-10-20 18:08:57.088,25313.0,1,BID,{"25313.0": 5, "25312.75": 7, "25312.5": 7, "25312.25": 5, "25312.0": 7, "25311.75": 6, "25311.5": 3, "25311.25": 6, "25311.0": 4, "25310.75": 4, "25310.5": 6, "25310.25": 3, "25310.0": 5, "25309.75": 4, "25309.5": 4, "25309.25": 4, "25309.0": 11, "25308.75": 4, "25308.5": 5, "25308.25": 3, "25308.0": 8, "25307.75": 4, "25307.5": 7, "25307.25": 2, "25307.0": 3, "25306.75": 6, "25306.5": 4, "25306.25": 5, "25306.0": 5, "25305.75": 5},{"25314.0": 6, "25314.25": 7, "25314.5": 5, "25314.75": 5, "25315.0": 7, "25315.25": 7, "25315.5": 5, "25315.75": 9, "25316.0": 5, "25316.25": 6, "25316.5": 7, "25316.75": 7, "25317.0": 7, "25317.25": 7, "25317.5": 7, "25317.75": 6, "25318.0": 7, "25318.25": 8, "25318.5": 7, "25318.75": 8, "25319.0": 6, "25319.25": 5, "25319.5": 4, "25319.75": 5, "25320.0": 6, "25320.25": 7, "25320.5": 3, "25320.75": 5, "25313.75": 7}
2025-10-20 18:08:57.088,25313.25,1,BID,{"25313.0": 5, "25312.75": 7, "25312.5": 7, "25312.25": 5, "25312.0": 7, "25311.75": 6, "25311.5": 3, "25311.25": 6, "25311.0": 4, "25310.75": 4, "25310.5": 6, "25310.25": 3, "25310.0": 5, "25309.75": 4, "25309.5": 4, "25309.25": 4, "25309.0": 11, "25308.75": 4, "25308.5": 5, "25308.25": 3, "25308.0": 8, "25307.75": 4, "25307.5": 7, "25307.25": 2, "25307.0": 3, "25306.75": 6, "25306.5": 4, "25306.25": 5, "25306.0": 5, "25305.75": 5},{"25314.0": 6, "25314.25": 7, "25314.5": 5, "25314.75": 5, "25315.0": 7, "25315.25": 7, "25315.5": 5, "25315.75": 9, "25316.0": 5, "25316.25": 6, "25316.5": 7, "25316.75": 7, "25317.0": 7, "25317.25": 7, "25317.5": 7, "25317.75": 6, "25318.0": 7, "25318.25": 8, "25318.5": 7, "25318.75": 8, "25319.0": 6, "25319.25": 5, "25319.5": 4, "25319.75": 5, "25320.0": 6, "25320.25": 7, "25320.5": 3, "25320.75": 5, "25313.75": 7}
2025-10-20 18:08:57.089,25313.25,1,BID,{"25313.0": 5, "25312.75": 7, "25312.5": 7, "25312.25": 5, "25312.0": 7, "25311.75": 6, "25311.5": 3, "25311.25": 6, "25311.0": 4, "25310.75": 4, "25310.5": 6, "25310.25": 3, "25310.0": 5, "25309.75": 4, "25309.5": 4, "25309.25": 4, "25309.0": 11, "25308.75": 4, "25308.5": 5, "25308.25": 3, "25308.0": 8, "25307.75": 4, "25307.5": 7, "25307.25": 2, "25307.0": 3, "25306.75": 6, "25306.5": 4, "25306.25": 5, "25306.0": 5, "25305.75": 5},{"25314.0": 6, "25314.25": 7, "25314.5": 5, "25314.75": 5, "25315.0": 7, "25315.25": 7, "25315.5": 5, "25315.75": 9, "25316.0": 5, "25316.25": 6, "25316.5": 7, "25316.75": 7, "25317.0": 7, "25317.25": 7, "25317.5": 7, "25317.75": 6, "25318.0": 7, "25318.25": 8, "25318.5": 7, "25318.75": 8, "25319.0": 6, "25319.25": 5, "25319.5": 4, "25319.75": 5, "25320.0": 6, "25320.25": 7, "25320.5": 3, "25320.75": 5, "25313.75": 7}
2025-10-20 18:08:57.089,25313.5,1,BID,{"25313.0": 5, "25312.75": 7, "25312.5": 7, "25312.25": 5, "25312.0": 7, "25311.75": 6, "25311.5": 3, "25311.25": 6, "25311.0": 4, "25310.75": 4, "25310.5": 6, "25310.25": 3, "25310.0": 5, "25309.75": 4, "25309.5": 4, "25309.25": 4, "25309.0": 11, "25308.75": 4, "25308.5": 5, "25308.25": 3, "25308.0": 8, "25307.75": 4, "25307.5": 7, "25307.25": 2, "25307.0": 3, "25306.75": 6, "25306.5": 4, "25306.25": 5, "25306.0": 5, "25305.75": 5},{"25314.0": 6, "25314.25": 7, "25314.5": 5, "25314.75": 5, "25315.0": 7, "25315.25": 7, "25315.5": 5, "25315.75": 9, "25316.0": 5, "25316.25": 6, "25316.5": 7, "25316.75": 7, "25317.0": 7, "25317.25": 7, "25317.5": 7, "25317.75": 6, "25318.0": 7, "25318.25": 8, "25318.5": 7, "25318.75": 8, "25319.0": 6, "25319.25": 5, "25319.5": 4, "25319.75": 5, "25320.0": 6, "25320.25": 7, "25320.5": 3, "25320.75": 5, "25313.75": 7}
2025-10-20 18:08:57.165,25313.25,1,ASK,{"25313.25": 2, "25313.0": 6, "25312.75": 6, "25312.5": 8, "25312.25": 5, "25312.0": 7, "25311.75": 6, "25311.5": 3, "25311.25": 6, "25311.0": 4, "25310.75": 4, "25310.5": 6, "25310.25": 3, "25310.0": 5, "25309.75": 4, "25309.5": 4, "25309.25": 4, "25309.0": 11, "25308.75": 4, "25308.5": 5, "25308.25": 3, "25308.0": 8, "25307.75": 4, "25307.5": 7, "25307.25": 2, "25307.0": 4, "25306.75": 6, "25306.5": 4, "25306.25": 5, "25306.0": 5},{"25314.0": 6, "25314.25": 6, "25314.5": 5, "25314.75": 5, "25315.0": 7, "25315.25": 7, "25315.5": 5, "25315.75": 9, "25316.0": 5, "25316.25": 6, "25316.5": 7, "25316.75": 7, "25317.0": 7, "25317.25": 7, "25317.5": 7, "25317.75": 6, "25318.0": 7, "25318.25": 8, "25318.5": 7, "25318.75": 8, "25319.0": 6, "25319.25": 5, "25319.5": 4, "25319.75": 5, "25320.0": 6, "25320.25": 7, "25320.5": 3, "25320.75": 5, "25321.0": 5}
2025-10-20 18:08:57.290,25314.0,1,BID,{"25313.25": 2, "25313.0": 6, "25312.75": 6, "25312.5": 7, "25312.25": 5, "25312.0": 7, "25311.75": 6, "25311.5": 3, "25311.25": 6, "25311.0": 4, "25310.75": 4, "25310.5": 6, "25310.25": 3, "25310.0": 5, "25309.75": 4, "25309.5": 4, "25309.25": 4, "25309.0": 11, "25308.75": 4, "25308.5": 5, "25308.25": 3, "25308.0": 8, "25307.75": 4, "25307.5": 7, "25307.25": 2, "25307.0": 4, "25306.75": 6, "25306.5": 4, "25306.25": 5, "25306.0": 5},{"25314.0": 6, "25314.25": 6, "25314.5": 5, "25314.75": 5, "25315.0": 7, "25315.25": 7, "25315.5": 5, "25315.75": 9, "25316.0": 5, "25316.25": 6, "25316.5": 7, "25316.75": 7, "25317.0": 7, "25317.25": 7, "25317.5": 7, "25317.75": 6, "25318.0": 7, "25318.25": 8, "25318.5": 7, "25318.75": 8, "25319.0": 6, "25319.25": 5, "25319.5": 4, "25319.75": 5, "25320.0": 6, "25320.25": 7, "25320.5": 3, "25320.75": 5, "25321.0": 5, "25313.75": 2}
2025-10-20 18:08:57.702,25314.0,1,BID,{"25313.75": 3, "25313.5": 6, "25313.25": 4, "25313.0": 7, "25312.75": 6, "25312.5": 8, "25312.25": 5, "25312.0": 8, "25311.75": 6, "25311.5": 3, "25311.25": 5, "25311.0": 4, "25310.75": 4, "25310.5": 6, "25310.25": 3, "25310.0": 6, "25309.75": 4, "25309.5": 4, "25309.25": 4, "25309.0": 11, "25308.75": 4, "25308.5": 5, "25308.25": 3, "25308.0": 8, "25307.75": 4, "25307.5": 7, "25307.25": 2, "25307.0": 4, "25306.75": 6, "25306.5": 4},{"25314.5": 7, "25314.75": 5, "25315.0": 7, "25315.25": 7, "25315.5": 5, "25315.75": 9, "25316.0": 5, "25316.25": 6, "25316.5": 6, "25316.75": 7, "25317.0": 6, "25317.25": 7, "25317.5": 6, "25317.75": 6, "25318.0": 7, "25318.25": 8, "25318.5": 7, "25318.75": 8, "25319.0": 6, "25319.25": 5, "25319.5": 4, "25319.75": 5, "25320.0": 6, "25320.25": 7, "25320.5": 3, "25320.75": 5, "25321.0": 5, "25321.25": 5, "25321.5": 4, "25314.25": 1}
2025-10-20 18:09:00.002,25313.5,1,ASK,{"25313.0": 7, "25312.75": 7, "25312.5": 8, "25312.25": 5, "25312.0": 8, "25311.75": 6, "25311.5": 3, "25311.25": 5, "25311.0": 4, "25310.75": 4, "25310.5": 6, "25310.25": 3, "25310.0": 5, "25309.75": 4, "25309.5": 4, "25309.25": 4, "25309.0": 11, "25308.75": 4, "25308.5": 5, "25308.25": 3, "25308.0": 8, "25307.75": 4, "25307.5": 7, "25307.25": 2, "25307.0": 4, "25306.75": 6, "25306.5": 4, "25306.25": 7, "25306.0": 4},{"25314.0": 5, "25314.25": 5, "25314.5": 6, "25314.75": 5, "25315.0": 7, "25315.25": 7, "25315.5": 5, "25315.75": 9, "25316.0": 5, "25316.25": 6, "25316.5": 6, "25316.75": 7, "25317.0": 7, "25317.25": 6, "25317.5": 6, "25317.75": 6, "25318.0": 7, "25318.25": 8, "25318.5": 7, "25318.75": 8, "25319.0": 7, "25319.25": 5, "25319.5": 4, "25319.75": 5, "25320.0": 6, "25320.25": 7, "25320.5": 3, "25320.75": 5, "25321.0": 5, "25321.25": 5}
2025-10-20 18:09:00.068,25313.5,1,ASK,{"25313.0": 7, "25312.75": 7, "25312.5": 8, "25312.25": 5, "25312.0": 8, "25311.75": 6, "25311.5": 3, "25311.25": 5, "25311.0": 4, "25310.75": 4, "25310.5": 6, "25310.25": 3, "25310.0": 5, "25309.75": 4, "25309.5": 4, "25309.25": 4, "25309.0": 11, "25308.75": 4, "25308.5": 5, "25308.25": 3, "25308.0": 8, "25307.75": 4, "25307.5": 7, "25307.25": 2, "25307.0": 4, "25306.75": 6, "25306.5": 4, "25306.25": 7, "25306.0": 4},{"25313.75": 1, "25314.0": 6, "25314.25": 5, "25314.5": 7, "25314.75": 5, "25315.0": 7, "25315.25": 7, "25315.5": 5, "25315.75": 9, "25316.0": 5, "25316.25": 6, "25316.5": 6, "25316.75": 7, "25317.0": 7, "25317.25": 6, "25317.5": 6, "25317.75": 6, "25318.0": 7, "25318.25": 8, "25318.5": 7, "25318.75": 8, "25319.0": 7, "25319.25": 5, "25319.5": 4, "25319.75": 5, "25320.0": 6, "25320.25": 8, "25320.5": 3, "25320.75": 5, "25321.0": 5}
2025-10-20 18:09:00.130,25313.75,1,BID,{"25313.0": 8, "25312.75": 7, "25312.5": 8, "25312.25": 5, "25312.0": 8, "25311.75": 6, "25311.5": 3, "25311.25": 5, "25311.0": 4, "25310.75": 4, "25310.5": 6, "25310.25": 3, "25310.0": 5, "25309.75": 4, "25309.5": 3, "25309.25": 4, "25309.0": 11, "25308.75": 4, "25308.5": 5, "25308.25": 3, "25308.0": 8, "25307.75": 4, "25307.5": 7, "25307.25": 2, "25307.0": 4, "25306.75": 6, "25306.5": 4, "25306.25": 7, "25306.0": 4, "25313.25": 4},{"25314.25": 6, "25314.5": 6, "25314.75": 5, "25315.0": 7, "25315.25": 7, "25315.5": 5, "25315.75": 9, "25316.0": 5, "25316.25": 6, "25316.5": 6, "25316.75": 7, "25317.0": 7, "25317.25": 6, "25317.5": 7, "25317.75": 6, "25318.0": 7, "25318.25": 8, "25318.5": 8, "25318.75": 7, "25319.0": 7, "25319.25": 5, "25319.5": 4, "25319.75": 5, "25320.0": 6, "25320.25": 8, "25320.5": 3, "25320.75": 5, "25321.0": 5, "25321.25": 5}
2025-10-20 18:09:00.131,25313.75,1,BID,{"25313.0": 8, "25312.75": 7, "25312.5": 8, "25312.25": 5, "25312.0": 8, "25311.75": 6, "25311.5": 3, "25311.25": 5, "25311.0": 4, "25310.75": 4, "25310.5": 6, "25310.25": 3, "25310.0": 5, "25309.75": 4, "25309.5": 3, "25309.25": 4, "25309.0": 11, "25308.75": 4, "25308.5": 5, "25308.25": 3, "25308.0": 8, "25307.75": 4, "25307.5": 7, "25307.25": 2, "25307.0": 4, "25306.75": 6, "25306.5": 4, "25306.25": 7, "25306.0": 4, "25313.25": 4},{"25314.25": 6, "25314.5": 6, "25314.75": 5, "25315.0": 7, "25315.25": 7, "25315.5": 5, "25315.75": 9, "25316.0": 5, "25316.25": 6, "25316.5": 6, "25316.75": 7, "25317.0": 7, "25317.25": 6, "25317.5": 7, "25317.75": 6, "25318.0": 7, "25318.25": 8, "25318.5": 8, "25318.75": 7, "25319.0": 7, "25319.25": 5, "25319.5": 4, "25319.75": 5, "25320.0": 6, "25320.25": 8, "25320.5": 3, "25320.75": 5, "25321.0": 5, "25321.25": 5}
2025-10-20 18:09:00.413,25313.25,1,BID,{"25313.25": 4, "25313.0": 10, "25312.75": 4, "25312.5": 6, "25312.25": 5, "25312.0": 8, "25311.75": 6, "25311.5": 3, "25311.25": 5, "25311.0": 4, "25310.75": 4, "25310.5": 6, "25310.25": 4, "25310.0": 5, "25309.75": 4, "25309.5": 4, "25309.25": 4, "25309.0": 11, "25308.75": 4, "25308.5": 5, "25308.25": 3, "25308.0": 8, "25307.75": 4, "25307.5": 7, "25307.25": 2, "25307.0": 4, "25306.75": 6, "25306.5": 4, "25306.25": 6, "25306.0": 5},{"25314.25": 4, "25314.75": 5, "25315.0": 7, "25315.25": 7, "25315.5": 5, "25315.75": 9, "25316.0": 5, "25316.25": 6, "25316.5": 6, "25316.75": 7, "25317.0": 7, "25317.25": 6, "25317.5": 8, "25317.75": 6, "25318.0": 7, "25318.25": 8, "25318.5": 7, "25318.75": 8, "25319.0": 7, "25319.25": 5, "25319.5": 4, "25319.75": 5, "25320.0": 6, "25320.25": 8, "25320.5": 3, "25320.75": 5, "25321.0": 5, "25321.25": 5}
2025-10-20 18:09:00.413,25313.25,1,BID,{"25313.25": 4, "25313.0": 10, "25312.75": 4, "25312.5": 6, "25312.25": 5, "25312.0": 8, "25311.75": 6, "25311.5": 3, "25311.25": 5, "25311.0": 4, "25310.75": 4, "25310.5": 6, "25310.25": 4, "25310.0": 5, "25309.75": 4, "25309.5": 4, "25309.25": 4, "25309.0": 11, "25308.75": 4, "25308.5": 5, "25308.25": 3, "25308.0": 8, "25307.75": 4, "25307.5": 7, "25307.25": 2, "25307.0": 4, "25306.75": 6, "25306.5": 4, "25306.25": 6, "25306.0": 5},{"25314.25": 4, "25314.75": 5, "25315.0": 7, "25315.25": 7, "25315.5": 5, "25315.75": 9, "25316.0": 5, "25316.25": 6, "25316.5": 6, "25316.75": 7, "25317.0": 7, "25317.25": 6, "25317.5": 8, "25317.75": 6, "25318.0": 7, "25318.25": 8, "25318.5": 7, "25318.75": 8, "25319.0": 7, "25319.25": 5, "25319.5": 4, "25319.75": 5, "25320.0": 6, "25320.25": 8, "25320.5": 3, "25320.75": 5, "25321.0": 5, "25321.25": 5}
2025-10-20 18:09:00.414,25313.5,1,BID,{"25313.25": 4, "25313.0": 10, "25312.75": 4, "25312.5": 6, "25312.25": 5, "25312.0": 8, "25311.75": 6, "25311.5": 3, "25311.25": 5, "25311.0": 4, "25310.75": 4, "25310.5": 6, "25310.25": 4, "25310.0": 5, "25309.75": 4, "25309.5": 4, "25309.25": 4, "25309.0": 11, "25308.75": 4, "25308.5": 5, "25308.25": 3, "25308.0": 8, "25307.75": 4, "25307.5": 7, "25307.25": 2, "25307.0": 4, "25306.75": 6, "25306.5": 4, "25306.25": 6, "25306.0": 5},{"25314.25": 4, "25314.75": 5, "25315.0": 7, "25315.25": 7, "25315.5": 5, "25315.75": 9, "25316.0": 5, "25316.25": 6, "25316.5": 6, "25316.75": 7, "25317.0": 7, "25317.25": 6, "25317.5": 8, "25317.75": 6, "25318.0": 7, "25318.25": 8, "25318.5": 7, "25318.75": 8, "25319.0": 7, "25319.25": 5, "25319.5": 4, "25319.75": 5, "25320.0": 6, "25320.25": 8, "25320.5": 3, "25320.75": 5, "25321.0": 5, "25321.25": 5}
2025-10-20 18:09:01.178,25313.25,1,ASK,{"25313.0": 7, "25312.75": 4, "25312.5": 7, "25312.25": 5, "25312.0": 8, "25311.75": 5, "25311.5": 3, "25311.25": 5, "25311.0": 4, "25310.75": 4, "25310.5": 6, "25310.25": 4, "25310.0": 5, "25309.75": 4, "25309.5": 4, "25309.25": 4, "25309.0": 15, "25308.75": 4, "25308.5": 5, "25308.25": 3, "25308.0": 8, "25307.75": 4, "25307.5": 7, "25307.25": 2, "25307.0": 3, "25306.75": 5, "25306.5": 3, "25306.25": 5, "25306.0": 4, "25313.25": 3},{"25313.75": 3, "25314.0": 5, "25314.25": 3, "25314.5": 6, "25314.75": 5, "25315.0": 7, "25315.25": 7, "25315.5": 6, "25315.75": 10, "25316.0": 6, "25316.25": 7, "25316.5": 6, "25316.75": 7, "25317.0": 6, "25317.25": 6, "25317.5": 8, "25317.75": 6, "25318.0": 7, "25318.25": 8, "25318.5": 7, "25318.75": 8, "25319.0": 7, "25319.25": 5, "25319.5": 4, "25319.75": 6, "25320.0": 7, "25320.25": 8, "25320.5": 3, "25320.75": 5, "25321.0": 5}
2025-10-20 18:09:01.179,25313.25,1,ASK,{"25313.0": 7, "25312.75": 4, "25312.5": 7, "25312.25": 5, "25312.0": 8, "25311.75": 5, "25311.5": 3, "25311.25": 5, "25311.0": 4, "25310.75": 4, "25310.5": 6, "25310.25": 4, "25310.0": 5, "25309.75": 4, "25309.5": 4, "25309.25": 4, "25309.0": 15, "25308.75": 4, "25308.5": 5, "25308.25": 3, "25308.0": 8, "25307.75": 4, "25307.5": 7, "25307.25": 2, "25307.0": 3, "25306.75": 5, "25306.5": 3, "25306.25": 5, "25306.0": 4, "25313.25": 3},{"25313.75": 3, "25314.0": 5, "25314.25": 3, "25314.5": 6, "25314.75": 5, "25315.0": 7, "25315.25": 7, "25315.5": 6, "25315.75": 10, "25316.0": 6, "25316.25": 7, "25316.5": 6, "25316.75": 7, "25317.0": 6, "25317.25": 6, "25317.5": 8, "25317.75": 6, "25318.0": 7, "25318.25": 8, "25318.5": 7, "25318.75": 8, "25319.0": 7, "25319.25": 5, "25319.5": 4, "25319.75": 6, "25320.0": 7, "25320.25": 8, "25320.5": 3, "25320.75": 5, "25321.0": 5}
2025-10-20 18:09:01.717,25312.75,1,ASK,{"25311.75": 4, "25311.5": 4, "25311.25": 6, "25311.0": 4, "25310.75": 4, "25310.5": 6, "25310.25": 4, "25310.0": 5, "25309.75": 4, "25309.5": 4, "25309.25": 4, "25309.0": 15, "25308.75": 4, "25308.5": 5, "25308.25": 3, "25308.0": 8, "25307.75": 4, "25307.5": 5, "25307.25": 2, "25307.0": 3, "25306.75": 5, "25306.5": 3, "25306.25": 5, "25306.0": 3, "25305.75": 5, "25305.5": 7, "25305.25": 3, "25305.0": 23, "25312.25": 4},{"25312.75": 1, "25313.0": 5, "25313.25": 3, "25313.5": 6, "25313.75": 5, "25314.0": 6, "25314.25": 6, "25314.5": 6, "25314.75": 6, "25315.0": 7, "25315.25": 7, "25315.5": 6, "25315.75": 10, "25316.0": 6, "25316.25": 7, "25316.5": 6, "25316.75": 8, "25317.0": 7, "25317.25": 6, "25317.5": 7, "25317.75": 6, "25318.0": 7, "25318.25": 9, "25318.5": 7, "25318.75": 7, "25319.0": 7, "25319.25": 5, "25319.5": 4, "25319.75": 6, "25320.0": 7}
2025-10-20 18:09:01.718,25312.75,1,ASK,{"25311.75": 4, "25311.5": 4, "25311.25": 6, "25311.0": 4, "25310.75": 4, "25310.5": 6, "25310.25": 4, "25310.0": 5, "25309.75": 4, "25309.5": 4, "25309.25": 4, "25309.0": 15, "25308.75": 4, "25308.5": 5, "25308.25": 3, "25308.0": 8, "25307.75": 4, "25307.5": 5, "25307.25": 2, "25307.0": 3, "25306.75": 5, "25306.5": 3, "25306.25": 5, "25306.0": 3, "25305.75": 5, "25305.5": 7, "25305.25": 3, "25305.0": 23, "25312.25": 4},{"25312.75": 1, "25313.0": 5, "25313.25": 3, "25313.5": 6, "25313.75": 5, "25314.0": 6, "25314.25": 6, "25314.5": 6, "25314.75": 6, "25315.0": 7, "25315.25": 7, "25315.5": 6, "25315.75": 10, "25316.0": 6, "25316.25": 7, "25316.5": 6, "25316.75": 8, "25317.0": 7, "25317.25": 6, "25317.5": 7, "25317.75": 6, "25318.0": 7, "25318.25": 9, "25318.5": 7, "25318.75": 7, "25319.0": 7, "25319.25": 5, "25319.5": 4, "25319.75": 6, "25320.0": 7}
2025-10-20 18:09:01.718,25312.25,1,ASK,{"25311.75": 4, "25311.5": 4, "25311.25": 6, "25311.0": 4, "25310.75": 4, "25310.5": 6, "25310.25": 4, "25310.0": 5, "25309.75": 4, "25309.5": 4, "25309.25": 4, "25309.0": 15, "25308.75": 4, "25308.5": 5, "25308.25": 3, "25308.0": 8, "25307.75": 4, "25307.5": 5, "25307.25": 2, "25307.0": 3, "25306.75": 5, "25306.5": 3, "25306.25": 5, "25306.0": 3, "25305.75": 5, "25305.5": 7, "25305.25": 3, "25305.0": 23, "25312.25": 4},{"25312.75": 1, "25313.0": 5, "25313.25": 3, "25313.5": 6, "25313.75": 5, "25314.0": 6, "25314.25": 6, "25314.5": 6, "25314.75": 6, "25315.0": 7, "25315.25": 7, "25315.5": 6, "25315.75": 10, "25316.0": 6, "25316.25": 7, "25316.5": 6, "25316.75": 8, "25317.0": 7, "25317.25": 6, "25317.5": 7, "25317.75": 6, "25318.0": 7, "25318.25": 9, "25318.5": 7, "25318.75": 7, "25319.0": 7, "25319.25": 5, "25319.5": 4, "25319.75": 6, "25320.0": 7}
2025-10-20 18:09:01.939,25312.75,1,BID,{"25312.75": 1, "25312.5": 6, "25312.25": 4, "25312.0": 8, "25311.75": 5, "25311.5": 4, "25311.25": 6, "25311.0": 4, "25310.75": 4, "25310.5": 6, "25310.25": 4, "25310.0": 5, "25309.75": 5, "25309.5": 4, "25309.25": 4, "25309.0": 11, "25308.75": 4, "25308.5": 5, "25308.25": 3, "25308.0": 8, "25307.75": 4, "25307.5": 4, "25307.25": 2, "25307.0": 3, "25306.75": 5, "25306.5": 3, "25306.25": 6, "25306.0": 4, "25305.75": 5, "25305.5": 7},{"25313.75": 5, "25314.0": 6, "25314.25": 6, "25314.5": 6, "25314.75": 6, "25315.0": 7, "25315.25": 7, "25315.5": 5, "25315.75": 10, "25316.0": 6, "25316.25": 7, "25316.5": 6, "25316.75": 8, "25317.0": 7, "25317.25": 6, "25317.5": 7, "25317.75": 6, "25318.0": 7, "25318.25": 9, "25318.5": 7, "25318.75": 7, "25319.0": 7, "25319.25": 5, "25319.5": 4, "25319.75": 6, "25320.0": 7, "25320.25": 8, "25320.5": 3}
2025-10-20 18:09:01.939,25312.75,1,BID,{"25312.75": 1, "25312.5": 6, "25312.25": 4, "25312.0": 8, "25311.75": 5, "25311.5": 4, "25311.25": 6, "25311.0": 4, "25310.75": 4, "25310.5": 6, "25310.25": 4, "25310.0": 5, "25309.75": 5, "25309.5": 4, "25309.25": 4, "25309.0": 11, "25308.75": 4, "25308.5": 5, "25308.25": 3, "25308.0": 8, "25307.75": 4, "25307.5": 4, "25307.25": 2, "25307.0": 3, "25306.75": 5, "25306.5": 3, "25306.25": 6, "25306.0": 4, "25305.75": 5, "25305.5": 7},{"25313.75": 5, "25314.0": 6, "25314.25": 6, "25314.5": 6, "25314.75": 6, "25315.0": 7, "25315.25": 7, "25315.5": 5, "25315.75": 10, "25316.0": 6, "25316.25": 7, "25316.5": 6, "25316.75": 8, "25317.0": 7, "25317.25": 6, "25317.5": 7, "25317.75": 6, "25318.0": 7, "25318.25": 9, "25318.5": 7, "25318.75": 7, "25319.0": 7, "25319.25": 5, "25319.5": 4, "25319.75": 6, "25320.0": 7, "25320.25": 8, "25320.5": 3}
2025-10-20 18:09:02.227,25312.75,1,BID,{"25312.5": 4, "25312.25": 6, "25312.0": 6, "25311.75": 4, "25311.5": 4, "25311.25": 6, "25311.0": 4, "25310.75": 4, "25310.5": 6, "25310.25": 4, "25310.0": 5, "25309.75": 5, "25309.5": 4, "25309.25": 4, "25309.0": 11, "25308.75": 4, "25308.5": 5, "25308.25": 3, "25308.0": 8, "25307.75": 4, "25307.5": 4, "25307.25": 2, "25307.0": 3, "25306.75": 5, "25306.5": 3, "25306.25": 6, "25306.0": 4, "25305.75": 6, "25305.5": 6, "25305.25": 3},{"25313.5": 5, "25314.0": 6, "25314.25": 6, "25314.5": 6, "25314.75": 6, "25315.0": 7, "25315.25": 7, "25315.5": 5, "25315.75": 9, "25316.0": 6, "25316.25": 7, "25316.5": 6, "25316.75": 7, "25317.0": 7, "25317.25": 7, "25317.5": 7, "25317.75": 6, "25318.0": 7, "25318.25": 9, "25318.5": 7, "25318.75": 7, "25319.0": 7, "25319.25": 5, "25319.5": 4, "25319.75": 6, "25320.0": 7, "25320.25": 8, "25320.5": 3}
2025-10-20 18:09:02.227,25312.75,1,BID,{"25312.5": 4, "25312.25": 6, "25312.0": 6, "25311.75": 4, "25311.5": 4, "25311.25": 6, "25311.0": 4, "25310.75": 4, "25310.5": 6, "25310.25": 4, "25310.0": 5, "25309.75": 5, "25309.5": 4, "25309.25": 4, "25309.0": 11, "25308.75": 4, "25308.5": 5, "25308.25": 3, "25308.0": 8, "25307.75": 4, "25307.5": 4, "25307.25": 2, "25307.0": 3, "25306.75": 5, "25306.5": 3, "25306.25": 6, "25306.0": 4, "25305.75": 6, "25305.5": 6, "25305.25": 3},{"25313.5": 5, "25314.0": 6, "25314.25": 6, "25314.5": 6, "25314.75": 6, "25315.0": 7, "25315.25": 7, "25315.5": 5, "25315.75": 9, "25316.0": 6, "25316.25": 7, "25316.5": 6, "25316.75": 7, "25317.0": 7, "25317.25": 7, "25317.5": 7, "25317.75": 6, "25318.0": 7, "25318.25": 9, "25318.5": 7, "25318.75": 7, "25319.0": 7, "25319.25": 5, "25319.5": 4, "25319.75": 6, "25320.0": 7, "25320.25": 8, "25320.5": 3}
2025-10-20 18:09:02.701,25312.25,1,ASK,{"25311.25": 6, "25311.0": 5, "25310.75": 5, "25310.5": 6, "25310.25": 4, "25310.0": 6, "25309.75": 5, "25309.5": 3, "25309.25": 7, "25309.0": 10, "25308.75": 4, "25308.5": 5, "25308.25": 3, "25308.0": 8, "25307.75": 3, "25307.5": 4, "25307.25": 2, "25307.0": 3, "25306.75": 5, "25306.5": 3, "25306.25": 5, "25306.0": 4, "25305.75": 5, "25305.5": 6, "25305.25": 4, "25305.0": 23, "25304.75": 9, "25304.5": 5, "25304.25": 6},{"25312.25": 3, "25312.5": 5, "25312.75": 5, "25313.0": 6, "25313.25": 7, "25313.5": 6, "25313.75": 5, "25314.0": 6, "25314.25": 6, "25314.5": 5, "25314.75": 6, "25315.0": 7, "25315.25": 7, "25315.5": 6, "25315.75": 10, "25316.0": 7, "25316.25": 7, "25316.5": 7, "25316.75": 7, "25317.0": 7, "25317.25": 7, "25317.5": 7, "25317.75": 6, "25318.0": 8, "25318.25": 8, "25318.5": 7, "25318.75": 7, "25319.0": 7, "25319.25": 5, "25319.5": 4}
2025-10-20 18:09:02.702,25312.25,1,ASK,{"25311.25": 6, "25311.0": 5, "25310.75": 5, "25310.5": 6, "25310.25": 4, "25310.0": 6, "25309.75": 5, "25309.5": 3, "25309.25": 7, "25309.0": 10, "25308.75": 4, "25308.5": 5, "25308.25": 3, "25308.0": 8, "25307.75": 3, "25307.5": 4, "25307.25": 2, "25307.0": 3, "25306.75": 5, "25306.5": 3, "25306.25": 5, "25306.0": 4, "25305.75": 5, "25305.5": 6, "25305.25": 4, "25305.0": 23, "25304.75": 9, "25304.5": 5, "25304.25": 6},{"25312.25": 3, "25312.5": 5, "25312.75": 5, "25313.0": 6, "25313.25": 7, "25313.5": 6, "25313.75": 5, "25314.0": 6, "25314.25": 6, "25314.5": 5, "25314.75": 6, "25315.0": 7, "25315.25": 7, "25315.5": 6, "25315.75": 10, "25316.0": 7, "25316.25": 7, "25316.5": 7, "25316.75": 7, "25317.0": 7, "25317.25": 7, "25317.5": 7, "25317.75": 6, "25318.0": 8, "25318.25": 8, "25318.5": 7, "25318.75": 7, "25319.0": 7, "25319.25": 5, "25319.5": 4}
2025-10-20 18:09:02.702,25312.0,1,ASK,{"25311.25": 6, "25311.0": 5, "25310.75": 5, "25310.5": 6, "25310.25": 4, "25310.0": 6, "25309.75": 5, "25309.5": 3, "25309.25": 7, "25309.0": 10, "25308.75": 4, "25308.5": 5, "25308.25": 3, "25308.0": 8, "25307.75": 3, "25307.5": 4, "25307.25": 2, "25307.0": 3, "25306.75": 5, "25306.5": 3, "25306.25": 5, "25306.0": 4, "25305.75": 5, "25305.5": 6, "25305.25": 4, "25305.0": 23, "25304.75": 9, "25304.5": 5, "25304.25": 6},{"25312.25": 3, "25312.5": 5, "25312.75": 5, "25313.0": 6, "25313.25": 7, "25313.5": 6, "25313.75": 5, "25314.0": 6, "25314.25": 6, "25314.5": 5, "25314.75": 6, "25315.0": 7, "25315.25": 7, "25315.5": 6, "25315.75": 10, "25316.0": 7, "25316.25": 7, "25316.5": 7, "25316.75": 7, "25317.0": 7, "25317.25": 7, "25317.5": 7, "25317.75": 6, "25318.0": 8, "25318.25": 8, "25318.5": 7, "25318.75": 7, "25319.0": 7, "25319.25": 5, "25319.5": 4}
2025-10-20 18:09:02.703,25312.0,1,ASK,{"25311.25": 6, "25311.0": 5, "25310.75": 5, "25310.5": 6, "25310.25": 4, "25310.0": 6, "25309.75": 5, "25309.5": 3, "25309.25": 7, "25309.0": 10, "25308.75": 4, "25308.5": 5, "25308.25": 3, "25308.0": 8, "25307.75": 3, "25307.5": 4, "25307.25": 2, "25307.0": 3, "25306.75": 5, "25306.5": 3, "25306.25": 5, "25306.0": 4, "25305.75": 5, "25305.5": 6, "25305.25": 4, "25305.0": 23, "25304.75": 9, "25304.5": 5, "25304.25": 6},{"25312.25": 3, "25312.5": 5, "25312.75": 5, "25313.0": 6, "25313.25": 7, "25313.5": 6, "25313.75": 5, "25314.0": 6, "25314.25": 6, "25314.5": 5, "25314.75": 6, "25315.0": 7, "25315.25": 7, "25315.5": 6, "25315.75": 10, "25316.0": 7, "25316.25": 7, "25316.5": 7, "25316.75": 7, "25317.0": 7, "25317.25": 7, "25317.5": 7, "25317.75": 6, "25318.0": 8, "25318.25": 8, "25318.5": 7, "25318.75": 7, "25319.0": 7, "25319.25": 5, "25319.5": 4}
2025-10-20 18:09:03.115,25310.25,1,ASK,{"25310.0": 7, "25309.75": 6, "25309.5": 4, "25309.25": 8, "25309.0": 10, "25308.75": 4, "25308.5": 4, "25308.25": 3, "25308.0": 7, "25307.75": 3, "25307.5": 4, "25307.25": 2, "25307.0": 3, "25306.75": 5, "25306.5": 3, "25306.25": 5, "25306.0": 3, "25305.75": 4, "25305.5": 5, "25305.25": 3, "25305.0": 23, "25304.75": 9, "25304.5": 5, "25304.25": 6, "25304.0": 14, "25303.75": 6, "25303.5": 5, "25303.25": 4, "25303.0": 9},{"25311.0": 3, "25311.25": 6, "25311.5": 4, "25311.75": 6, "25312.0": 6, "25312.25": 5, "25312.5": 5, "25312.75": 6, "25313.0": 6, "25313.25": 7, "25313.5": 6, "25313.75": 4, "25314.0": 4, "25314.25": 4, "25314.5": 4, "25314.75": 7, "25315.0": 9, "25315.25": 8, "25315.5": 7, "25315.75": 10, "25316.0": 7, "25316.25": 7, "25316.5": 7, "25316.75": 7, "25317.0": 7, "25317.25": 7, "25317.5": 7, "25317.75": 6, "25318.0": 8, "25318.25": 9}
2025-10-20 18:09:03.178,25310.5,1,ASK,{"25310.5": 2, "25310.25": 6, "25310.0": 7, "25309.75": 6, "25309.5": 4, "25309.25": 8, "25309.0": 10, "25308.75": 4, "25308.5": 4, "25308.25": 3, "25308.0": 7, "25307.75": 3, "25307.5": 4, "25307.25": 2, "25307.0": 3, "25306.75": 5, "25306.5": 3, "25306.25": 5, "25306.0": 3, "25305.75": 4, "25305.5": 5, "25305.25": 3, "25305.0": 23, "25304.75": 9, "25304.5": 5, "25304.25": 6, "25304.0": 14, "25303.75": 6, "25303.5": 5, "25303.25": 4},{"25311.0": 1, "25311.25": 6, "25311.5": 4, "25311.75": 6, "25312.0": 6, "25312.25": 5, "25312.5": 5, "25312.75": 6, "25313.0": 6, "25313.25": 7, "25313.5": 6, "25313.75": 4, "25314.0": 4, "25314.25": 4, "25314.5": 4, "25314.75": 7, "25315.0": 9, "25315.25": 8, "25315.5": 7, "25315.75": 10, "25316.0": 7, "25316.25": 7, "25316.5": 7, "25316.75": 7, "25317.0": 7, "25317.25": 7, "25317.5": 7, "25317.75": 6, "25318.0": 8, "25318.25": 9}
2025-10-20 18:09:03.814,25310.25,1,ASK,{"25309.75": 6, "25309.5": 4, "25309.25": 8, "25309.0": 10, "25308.75": 4, "25308.5": 4, "25308.25": 3, "25308.0": 7, "25307.75": 3, "25307.5": 4, "25307.25": 2, "25307.0": 3, "25306.75": 5, "25306.5": 3, "25306.25": 4, "25306.0": 4, "25305.75": 4, "25305.5": 5, "25305.25": 2, "25305.0": 23, "25304.75": 9, "25304.5": 5, "25304.25": 5, "25304.0": 16, "25303.75": 6, "25303.5": 5, "25303.25": 4, "25303.0": 9, "25302.75": 3},{"25310.5": 1, "25310.75": 4, "25311.0": 4, "25311.25": 5, "25311.5": 4, "25311.75": 6, "25312.0": 6, "25312.25": 7, "25312.5": 5, "25312.75": 6, "25313.0": 6, "25313.25": 7, "25313.5": 6, "25313.75": 3, "25314.0": 4, "25314.25": 4, "25314.5": 5, "25314.75": 7, "25315.0": 9, "25315.25": 8, "25315.5": 7, "25315.75": 10, "25316.0": 8, "25316.25": 7, "25316.5": 7, "25316.75": 8, "25317.0": 7, "25317.25": 6, "25317.5": 7, "25317.75": 6}
2025-10-20 18:09:03.815,25310.25,1,ASK,{"25309.75": 6, "25309.5": 4, "25309.25": 8, "25309.0": 10, "25308.75": 4, "25308.5": 4, "25308.25": 3, "25308.0": 7, "25307.75": 3, "25307.5": 4, "25307.25": 2, "25307.0": 3, "25306.75": 5, "25306.5": 3, "25306.25": 4, "25306.0": 4, "25305.75": 4, "25305.5": 5, "25305.25": 2, "25305.0": 23, "25304.75": 9, "25304.5": 5, "25304.25": 5, "25304.0": 16, "25303.75": 6, "25303.5": 5, "25303.25": 4, "25303.0": 9, "25302.75": 3},{"25310.5": 1, "25310.75": 4, "25311.0": 4, "25311.25": 5, "25311.5": 4, "25311.75": 6, "25312.0": 6, "25312.25": 7, "25312.5": 5, "25312.75": 6, "25313.0": 6, "25313.25": 7, "25313.5": 6, "25313.75": 3, "25314.0": 4, "25314.25": 4, "25314.5": 5, "25314.75": 7, "25315.0": 9, "25315.25": 8, "25315.5": 7, "25315.75": 10, "25316.0": 8, "25316.25": 7, "25316.5": 7, "25316.75": 8, "25317.0": 7, "25317.25": 6, "25317.5": 7, "25317.75": 6}
2025-10-20 18:09:03.816,25310.25,5,ASK,{"25309.75": 6, "25309.5": 4, "25309.25": 8, "25309.0": 10, "25308.75": 4, "25308.5": 4, "25308.25": 3, "25308.0": 7, "25307.75": 3, "25307.5": 4, "25307.25": 2, "25307.0": 3, "25306.75": 5, "25306.5": 3, "25306.25": 4, "25306.0": 4, "25305.75": 4, "25305.5": 5, "25305.25": 2, "25305.0": 23, "25304.75": 9, "25304.5": 5, "25304.25": 5, "25304.0": 16, "25303.75": 6, "25303.5": 5, "25303.25": 4, "25303.0": 9, "25302.75": 3},{"25310.5": 1, "25310.75": 4, "25311.0": 4, "25311.25": 5, "25311.5": 4, "25311.75": 6, "25312.0": 6, "25312.25": 7, "25312.5": 5, "25312.75": 6, "25313.0": 6, "25313.25": 7, "25313.5": 6, "25313.75": 3, "25314.0": 4, "25314.25": 4, "25314.5": 5, "25314.75": 7, "25315.0": 9, "25315.25": 8, "25315.5": 7, "25315.75": 10, "25316.0": 8, "25316.25": 7, "25316.5": 7, "25316.75": 8, "25317.0": 7, "25317.25": 6, "25317.5": 7, "25317.75": 6}
2025-10-20 18:09:03.816,25310.0,1,ASK,{"25309.75": 6, "25309.5": 4, "25309.25": 8, "25309.0": 10, "25308.75": 4, "25308.5": 4, "25308.25": 3, "25308.0": 7, "25307.75": 3, "25307.5": 4, "25307.25": 2, "25307.0": 3, "25306.75": 5, "25306.5": 3, "25306.25": 4, "25306.0": 4, "25305.75": 4, "25305.5": 5, "25305.25": 2, "25305.0": 23, "25304.75": 9, "25304.5": 5, "25304.25": 5, "25304.0": 16, "25303.75": 6, "25303.5": 5, "25303.25": 4, "25303.0": 9, "25302.75": 3},{"25310.5": 1, "25310.75": 4, "25311.0": 4, "25311.25": 5, "25311.5": 4, "25311.75": 6, "25312.0": 6, "25312.25": 7, "25312.5": 5, "25312.75": 6, "25313.0": 6, "25313.25": 7, "25313.5": 6, "25313.75": 3, "25314.0": 4, "25314.25": 4, "25314.5": 5, "25314.75": 7, "25315.0": 9, "25315.25": 8, "25315.5": 7, "25315.75": 10, "25316.0": 8, "25316.25": 7, "25316.5": 7, "25316.75": 8, "25317.0": 7, "25317.25": 6, "25317.5": 7, "25317.75": 6}
2025-10-20 18:09:04.228,25310.5,1,ASK,{"25310.25": 6, "25310.0": 6, "25309.75": 6, "25309.5": 5, "25309.25": 8, "25309.0": 10, "25308.75": 4, "25308.5": 4, "25308.25": 3, "25308.0": 7, "25307.75": 3, "25307.5": 4, "25307.25": 2, "25307.0": 3, "25306.75": 5, "25306.5": 3, "25306.25": 4, "25306.0": 4, "25305.75": 4, "25305.5": 5, "25305.25": 3, "25305.0": 23, "25304.75": 9, "25304.5": 5, "25304.25": 5, "25304.0": 15, "25303.75": 7, "25303.5": 5, "25303.25": 3, "25310.5": 5},{"25311.5": 5, "25311.75": 6, "25312.0": 7, "25312.25": 8, "25312.5": 5, "25312.75": 6, "25313.0": 6, "25313.25": 7, "25313.5": 6, "25313.75": 3, "25314.0": 4, "25314.25": 4, "25314.5": 4, "25314.75": 7, "25315.0": 9, "25315.25": 8, "25315.5": 7, "25315.75": 15, "25316.0": 8, "25316.25": 7, "25316.5": 7, "25316.75": 8, "25317.0": 7, "25317.25": 6, "25317.5": 7, "25317.75": 6, "25318.0": 7, "25318.25": 8, "25318.5": 7}
2025-10-20 18:09:04.895,25311.0,1,ASK,{"25311.0": 2, "25310.75": 6, "25310.5": 6, "25310.25": 6, "25310.0": 7, "25309.75": 6, "25309.5": 5, "25309.25": 8, "25309.0": 10, "25308.75": 4, "25308.5": 4, "25308.25": 3, "25308.0": 7, "25307.75": 3, "25307.5": 4, "25307.25": 2, "25307.0": 3, "25306.75": 5, "25306.5": 3, "25306.25": 4, "25306.0": 4, "25305.75": 4, "25305.5": 5, "25305.25": 2, "25305.0": 22, "25304.75": 9, "25304.5": 5, "25304.25": 5, "25304.0": 15, "25303.75": 7},{"25311.75": 6, "25312.0": 6, "25312.25": 8, "25312.5": 6, "25312.75": 6, "25313.0": 6, "25313.25": 7, "25313.5": 6, "25313.75": 3, "25314.0": 4, "25314.25": 4, "25314.5": 4, "25314.75": 7, "25315.0": 9, "25315.25": 8, "25315.5": 7, "25315.75": 16, "25316.0": 7, "25316.25": 7, "25316.5": 8, "25316.75": 7, "25317.0": 7, "25317.25": 6, "25317.5": 7, "25317.75": 6, "25318.0": 7, "25318.25": 8, "25318.5": 7, "25318.75": 7}
2025-10-20 18:09:04.956,25311.25,1,BID,{"25310.5": 6, "25310.25": 6, "25310.0": 7, "25309.75": 6, "25309.5": 5, "25309.25": 8, "25309.0": 10, "25308.75": 4, "25308.5": 4, "25308.25": 3, "25308.0": 7, "25307.75": 3, "25307.5": 4, "25307.25": 2, "25307.0": 3, "25306.75": 5, "25306.5": 3, "25306.25": 4, "25306.0": 4, "25305.75": 4, "25305.5": 5, "25305.25": 2, "25305.0": 22, "25304.75": 9, "25304.5": 5, "25304.25": 5, "25304.0": 15, "25303.75": 7, "25303.5": 5},{"25311.75": 6, "25312.0": 6, "25312.25": 8, "25312.5": 6, "25312.75": 6, "25313.0": 6, "25313.25": 7, "25313.5": 6, "25313.75": 3, "25314.0": 4, "25314.25": 4, "25314.5": 4, "25314.75": 7, "25315.0": 9, "25315.25": 8, "25315.5": 7, "25315.75": 16, "25316.0": 7, "25316.25": 7, "25316.5": 8, "25316.75": 7, "25317.0": 7, "25317.25": 6, "25317.5": 7, "25317.75": 6, "25318.0": 7, "25318.25": 8, "25318.5": 7, "25318.75": 7}
2025-10-20 18:09:04.958,25311.25,1,BID,{"25310.5": 6, "25310.25": 6, "25310.0": 7, "25309.75": 6, "25309.5": 5, "25309.25": 8, "25309.0": 10, "25308.75": 4, "25308.5": 4, "25308.25": 3, "25308.0": 7, "25307.75": 3, "25307.5": 4, "25307.25": 2, "25307.0": 3, "25306.75": 5, "25306.5": 3, "25306.25": 4, "25306.0": 4, "25305.75": 4, "25305.5": 5, "25305.25": 2, "25305.0": 22, "25304.75": 9, "25304.5": 5, "25304.25": 5, "25304.0": 15, "25303.75": 7, "25303.5": 5},{"25311.75": 6, "25312.0": 6, "25312.25": 8, "25312.5": 6, "25312.75": 6, "25313.0": 6, "25313.25": 7, "25313.5": 6, "25313.75": 3, "25314.0": 4, "25314.25": 4, "25314.5": 4, "25314.75": 7, "25315.0": 9, "25315.25": 8, "25315.5": 7, "25315.75": 16, "25316.0": 7, "25316.25": 7, "25316.5": 8, "25316.75": 7, "25317.0": 7, "25317.25": 6, "25317.5": 7, "25317.75": 6, "25318.0": 7, "25318.25": 8, "25318.5": 7, "25318.75": 7}
2025-10-20 18:09:04.958,25311.25,1,BID,{"25310.5": 6, "25310.25": 6, "25310.0": 7, "25309.75": 6, "25309.5": 5, "25309.25": 8, "25309.0": 10, "25308.75": 4, "25308.5": 4, "25308.25": 3, "25308.0": 7, "25307.75": 3, "25307.5": 4, "25307.25": 2, "25307.0": 3, "25306.75": 5, "25306.5": 3, "25306.25": 4, "25306.0": 4, "25305.75": 4, "25305.5": 5, "25305.25": 2, "25305.0": 22, "25304.75": 9, "25304.5": 5, "25304.25": 5, "25304.0": 15, "25303.75": 7, "25303.5": 5},{"25311.75": 6, "25312.0": 6, "25312.25": 8, "25312.5": 6, "25312.75": 6, "25313.0": 6, "25313.25": 7, "25313.5": 6, "25313.75": 3, "25314.0": 4, "25314.25": 4, "25314.5": 4, "25314.75": 7, "25315.0": 9, "25315.25": 8, "25315.5": 7, "25315.75": 16, "25316.0": 7, "25316.25": 7, "25316.5": 8, "25316.75": 7, "25317.0": 7, "25317.25": 6, "25317.5": 7, "25317.75": 6, "25318.0": 7, "25318.25": 8, "25318.5": 7, "25318.75": 7}
2025-10-20 18:09:05.020,25311.25,1,ASK,{"25310.75": 7, "25310.5": 5, "25310.25": 7, "25310.0": 7, "25309.75": 6, "25309.5": 5, "25309.25": 8, "25309.0": 10, "25308.75": 4, "25308.5": 4, "25308.25": 3, "25308.0": 7, "25307.75": 3, "25307.5": 4, "25307.25": 2, "25307.0": 3, "25306.75": 5, "25306.5": 3, "25306.25": 4, "25306.0": 4, "25305.75": 4, "25305.5": 5, "25305.25": 2, "25305.0": 22, "25304.75": 9, "25304.5": 5, "25304.25": 5, "25304.0": 16, "25303.75": 6, "25311.0": 6},{"25312.0": 5, "25312.25": 8, "25312.5": 6, "25312.75": 6, "25313.0": 6, "25313.25": 7, "25313.5": 6, "25313.75": 3, "25314.0": 4, "25314.25": 4, "25314.5": 4, "25314.75": 7, "25315.0": 9, "25315.25": 8, "25315.5": 7, "25315.75": 16, "25316.0": 7, "25316.25": 7, "25316.5": 8, "25316.75": 7, "25317.0": 7, "25317.25": 6, "25317.5": 7, "25317.75": 6, "25318.0": 7, "25318.25": 8, "25318.5": 7, "25318.75": 7, "25319.0": 6}
2025-10-20 18:09:05.656,25311.0,1,BID,{"25310.25": 7, "25309.75": 6, "25309.5": 5, "25309.25": 8, "25309.0": 10, "25308.75": 4, "25308.5": 4, "25308.25": 3, "25308.0": 7, "25307.75": 3, "25307.5": 4, "25307.25": 2, "25307.0": 3, "25306.75": 7, "25306.5": 3, "25306.25": 4, "25306.0": 5, "25305.75": 4, "25305.5": 5, "25305.25": 2, "25305.0": 22, "25304.75": 9, "25304.5": 5, "25304.25": 5, "25304.0": 16, "25303.75": 6, "25303.5": 5, "25303.25": 3},{"25311.0": 1, "25311.25": 5, "25311.5": 3, "25311.75": 6, "25312.0": 7, "25312.25": 8, "25312.5": 6, "25312.75": 6, "25313.0": 7, "25313.25": 7, "25313.5": 6, "25313.75": 3, "25314.0": 4, "25314.25": 4, "25314.5": 4, "25314.75": 7, "25315.0": 9, "25315.25": 8, "25315.5": 7, "25315.75": 16, "25316.0": 7, "25316.25": 7, "25316.5": 7, "25316.75": 8, "25317.0": 7, "25317.25": 6, "25317.5": 7, "25317.75": 6, "25318.0": 7, "25318.25": 9}
2025-10-20 18:09:05.943,25310.75,1,ASK,{"25310.5": 6, "25310.25": 7, "25310.0": 6, "25309.75": 6, "25309.5": 5, "25309.25": 8, "25309.0": 10, "25308.75": 4, "25308.5": 3, "25308.25": 3, "25308.0": 7, "25307.75": 3, "25307.5": 4, "25307.25": 2, "25307.0": 3, "25306.75": 7, "25306.5": 3, "25306.25": 4, "25306.0": 5, "25305.75": 4, "25305.5": 5, "25305.25": 2, "25305.0": 22, "25304.75": 8, "25304.5": 5, "25304.25": 5, "25304.0": 16, "25303.75": 6, "25303.5": 5, "25310.75": 6},{"25311.25": 2, "25311.5": 4, "25311.75": 4, "25312.0": 7, "25312.25": 8, "25312.5": 6, "25312.75": 6, "25313.0": 7, "25313.25": 7, "25313.5": 6, "25313.75": 3, "25314.0": 4, "25314.25": 4, "25314.5": 4, "25314.75": 7, "25315.0": 9, "25315.25": 8, "25315.5": 8, "25315.75": 15, "25316.0": 7, "25316.25": 7, "25316.5": 7, "25316.75": 8, "25317.0": 9, "25317.25": 6, "25317.5": 7, "25317.75": 6, "25318.0": 7, "25318.25": 9, "25318.5": 7}
2025-10-20 18:09:05.944,25310.75,1,ASK,{"25310.5": 6, "25310.25": 7, "25310.0": 6, "25309.75": 6, "25309.5": 5, "25309.25": 8, "25309.0": 10, "25308.75": 4, "25308.5": 3, "25308.25": 3, "25308.0": 7, "25307.75": 3, "25307.5": 4, "25307.25": 2, "25307.0": 3, "25306.75": 7, "25306.5": 3, "25306.25": 4, "25306.0": 5, "25305.75": 4, "25305.5": 5, "25305.25": 2, "25305.0": 22, "25304.75": 8, "25304.5": 5, "25304.25": 5, "25304.0": 16, "25303.75": 6, "25303.5": 5, "25310.75": 6},{"25311.25": 2, "25311.5": 4, "25311.75": 4, "25312.0": 7, "25312.25": 8, "25312.5": 6, "25312.75": 6, "25313.0": 7, "25313.25": 7, "25313.5": 6, "25313.75": 3, "25314.0": 4, "25314.25": 4, "25314.5": 4, "25314.75": 7, "25315.0": 9, "25315.25": 8, "25315.5": 8, "25315.75": 15, "25316.0": 7, "25316.25": 7, "25316.5": 7, "25316.75": 8, "25317.0": 9, "25317.25": 6, "25317.5": 7, "25317.75": 6, "25318.0": 7, "25318.25": 9, "25318.5": 7}
2025-10-20 18:09:05.945,25310.75,1,ASK,{"25310.5": 6, "25310.25": 7, "25310.0": 6, "25309.75": 6, "25309.5": 5, "25309.25": 8, "25309.0": 10, "25308.75": 4, "25308.5": 3, "25308.25": 3, "25308.0": 7, "25307.75": 3, "25307.5": 4, "25307.25": 2, "25307.0": 3, "25306.75": 7, "25306.5": 3, "25306.25": 4, "25306.0": 5, "25305.75": 4, "25305.5": 5, "25305.25": 2, "25305.0": 22, "25304.75": 8, "25304.5": 5, "25304.25": 5, "25304.0": 16, "25303.75": 6, "25303.5": 5, "25310.75": 6},{"25311.25": 2, "25311.5": 4, "25311.75": 4, "25312.0": 7, "25312.25": 8, "25312.5": 6, "25312.75": 6, "25313.0": 7, "25313.25": 7, "25313.5": 6, "25313.75": 3, "25314.0": 4, "25314.25": 4, "25314.5": 4, "25314.75": 7, "25315.0": 9, "25315.25": 8, "25315.5": 8, "25315.75": 15, "25316.0": 7, "25316.25": 7, "25316.5": 7, "25316.75": 8, "25317.0": 9, "25317.25": 6, "25317.5": 7, "25317.75": 6, "25318.0": 7, "25318.25": 9, "25318.5": 7}
2025-10-20 18:09:05.946,25310.75,1,ASK,{"25310.5": 6, "25310.25": 7, "25310.0": 6, "25309.75": 6, "25309.5": 5, "25309.25": 8, "25309.0": 10, "25308.75": 4, "25308.5": 3, "25308.25": 3, "25308.0": 7, "25307.75": 3, "25307.5": 4, "25307.25": 2, "25307.0": 3, "25306.75": 7, "25306.5": 3, "25306.25": 4, "25306.0": 5, "25305.75": 4, "25305.5": 5, "25305.25": 2, "25305.0": 22, "25304.75": 8, "25304.5": 5, "25304.25": 5, "25304.0": 16, "25303.75": 6, "25303.5": 5, "25310.75": 6},{"25311.25": 2, "25311.5": 4, "25311.75": 4, "25312.0": 7, "25312.25": 8, "25312.5": 6, "25312.75": 6, "25313.0": 7, "25313.25": 7, "25313.5": 6, "25313.75": 3, "25314.0": 4, "25314.25": 4, "25314.5": 4, "25314.75": 7, "25315.0": 9, "25315.25": 8, "25315.5": 8, "25315.75": 15, "25316.0": 7, "25316.25": 7, "25316.5": 7, "25316.75": 8, "25317.0": 9, "25317.25": 6, "25317.5": 7, "25317.75": 6, "25318.0": 7, "25318.25": 9, "25318.5": 7}
2025-10-20 18:09:05.946,25310.75,1,ASK,{"25310.5": 6, "25310.25": 7, "25310.0": 6, "25309.75": 6, "25309.5": 5, "25309.25": 8, "25309.0": 10, "25308.75": 4, "25308.5": 3, "25308.25": 3, "25308.0": 7, "25307.75": 3, "25307.5": 4, "25307.25": 2, "25307.0": 3, "25306.75": 7, "25306.5": 3, "25306.25": 4, "25306.0": 5, "25305.75": 4, "25305.5": 5, "25305.25": 2, "25305.0": 22, "25304.75": 8, "25304.5": 5, "25304.25": 5, "25304.0": 16, "25303.75": 6, "25303.5": 5, "25310.75": 6},{"25311.25": 2, "25311.5": 4, "25311.75": 4, "25312.0": 7, "25312.25": 8, "25312.5": 6, "25312.75": 6, "25313.0": 7, "25313.25": 7, "25313.5": 6, "25313.75": 3, "25314.0": 4, "25314.25": 4, "25314.5": 4, "25314.75": 7, "25315.0": 9, "25315.25": 8, "25315.5": 8, "25315.75": 15, "25316.0": 7, "25316.25": 7, "25316.5": 7, "25316.75": 8, "25317.0": 9, "25317.25": 6, "25317.5": 7, "25317.75": 6, "25318.0": 7, "25318.25": 9, "25318.5": 7}
2025-10-20 18:09:05.947,25310.5,1,ASK,{"25310.5": 6, "25310.25": 7, "25310.0": 6, "25309.75": 6, "25309.5": 5, "25309.25": 8, "25309.0": 10, "25308.75": 4, "25308.5": 3, "25308.25": 3, "25308.0": 7, "25307.75": 3, "25307.5": 4, "25307.25": 2, "25307.0": 3, "25306.75": 7, "25306.5": 3, "25306.25": 4, "25306.0": 5, "25305.75": 4, "25305.5": 5, "25305.25": 2, "25305.0": 22, "25304.75": 8, "25304.5": 5, "25304.25": 5, "25304.0": 16, "25303.75": 6, "25303.5": 5, "25310.75": 6},{"25311.25": 2, "25311.5": 4, "25311.75": 4, "25312.0": 7, "25312.25": 8, "25312.5": 6, "25312.75": 6, "25313.0": 7, "25313.25": 7, "25313.5": 6, "25313.75": 3, "25314.0": 4, "25314.25": 4, "25314.5": 4, "25314.75": 7, "25315.0": 9, "25315.25": 8, "25315.5": 8, "25315.75": 15, "25316.0": 7, "25316.25": 7, "25316.5": 7, "25316.75": 8, "25317.0": 9, "25317.25": 6, "25317.5": 7, "25317.75": 6, "25318.0": 7, "25318.25": 9, "25318.5": 7}
2025-10-20 18:09:06.007,25311.25,1,BID,{"25311.0": 5, "25310.75": 6, "25310.5": 5, "25310.25": 7, "25310.0": 6, "25309.75": 6, "25309.5": 5, "25309.25": 8, "25309.0": 11, "25308.75": 4, "25308.5": 3, "25308.25": 3, "25308.0": 7, "25307.75": 3, "25307.5": 4, "25307.25": 2, "25307.0": 3, "25306.75": 7, "25306.5": 3, "25306.25": 4, "25306.0": 5, "25305.75": 4, "25305.5": 5, "25305.25": 2, "25305.0": 22, "25304.75": 8, "25304.5": 5, "25304.25": 5, "25304.0": 15, "25303.75": 7},{"25312.25": 8, "25312.75": 6, "25313.0": 7, "25313.25": 7, "25313.5": 6, "25313.75": 3, "25314.0": 4, "25314.25": 4, "25314.5": 5, "25314.75": 7, "25315.0": 9, "25315.25": 8, "25315.5": 7, "25315.75": 16, "25316.0": 7, "25316.25": 7, "25316.5": 7, "25316.75": 8, "25317.0": 9, "25317.25": 6, "25317.5": 7, "25317.75": 6, "25318.0": 7, "25318.25": 9, "25318.5": 7, "25318.75": 7, "25319.0": 6}
2025-10-20 18:09:06.199,25311.75,1,BID,{"25311.25": 3, "25311.0": 6, "25310.75": 5, "25310.5": 6, "25310.25": 7, "25310.0": 6, "25309.75": 6, "25309.5": 5, "25309.25": 8, "25309.0": 11, "25308.75": 4, "25308.5": 3, "25308.25": 3, "25308.0": 7, "25307.75": 3, "25307.5": 4, "25307.25": 2, "25307.0": 3, "25306.75": 7, "25306.5": 3, "25306.25": 4, "25306.0": 5, "25305.75": 4, "25305.5": 5, "25305.25": 2, "25305.0": 22, "25304.75": 9, "25304.5": 5, "25304.25": 5, "25304.0": 15},{"25312.25": 7, "25312.5": 6, "25312.75": 6, "25313.0": 7, "25313.25": 7, "25313.5": 6, "25313.75": 3, "25314.0": 4, "25314.25": 4, "25314.5": 4, "25314.75": 7, "25315.0": 9, "25315.25": 8, "25315.5": 7, "25315.75": 16, "25316.0": 7, "25316.25": 7, "25316.5": 7, "25316.75": 8, "25317.0": 9, "25317.25": 6, "25317.5": 7, "25317.75": 6, "25318.0": 7, "25318.25": 9, "25318.5": 7, "25318.75": 7, "25319.0": 6, "25319.25": 6}
2025-10-20 18:09:06.646,25311.0,1,ASK,{"25310.5": 4, "25310.25": 6, "25310.0": 6, "25309.75": 6, "25309.5": 5, "25309.25": 8, "25309.0": 11, "25308.75": 4, "25308.5": 3, "25308.25": 3, "25308.0": 7, "25307.75": 3, "25307.5": 4, "25307.25": 2, "25307.0": 3, "25306.75": 7, "25306.5": 3, "25306.25": 4, "25306.0": 5, "25305.75": 4, "25305.5": 5, "25305.25": 2, "25305.0": 22, "25304.75": 8, "25304.5": 5, "25304.25": 5, "25304.0": 15, "25303.75": 7, "25303.5": 5},{"25311.25": 3, "25311.5": 7, "25311.75": 4, "25312.0": 8, "25312.25": 7, "25312.5": 6, "25312.75": 6, "25313.0": 7, "25313.25": 7, "25313.5": 6, "25313.75": 3, "25314.0": 4, "25314.25": 4, "25314.5": 5, "25314.75": 7, "25315.0": 9, "25315.25": 8, "25315.5": 7, "25315.75": 16, "25316.0": 7, "25316.25": 7, "25316.5": 8, "25316.75": 7, "25317.0": 9, "25317.25": 6, "25317.5": 7, "25317.75": 6, "25318.0": 7, "25318.25": 9, "25318.5": 7}
2025-10-20 18:09:06.646,25311.0,1,ASK,{"25310.5": 4, "25310.25": 6, "25310.0": 6, "25309.75": 6, "25309.5": 5, "25309.25": 8, "25309.0": 11, "25308.75": 4, "25308.5": 3, "25308.25": 3, "25308.0": 7, "25307.75": 3, "25307.5": 4, "25307.25": 2, "25307.0": 3, "25306.75": 7, "25306.5": 3, "25306.25": 4, "25306.0": 5, "25305.75": 4, "25305.5": 5, "25305.25": 2, "25305.0": 22, "25304.75": 8, "25304.5": 5, "25304.25": 5, "25304.0": 15, "25303.75": 7, "25303.5": 5},{"25311.25": 3, "25311.5": 7, "25311.75": 4, "25312.0": 8, "25312.25": 7, "25312.5": 6, "25312.75": 6, "25313.0": 7, "25313.25": 7, "25313.5": 6, "25313.75": 3, "25314.0": 4, "25314.25": 4, "25314.5": 5, "25314.75": 7, "25315.0": 9, "25315.25": 8, "25315.5": 7, "25315.75": 16, "25316.0": 7, "25316.25": 7, "25316.5": 8, "25316.75": 7, "25317.0": 9, "25317.25": 6, "25317.5": 7, "25317.75": 6, "25318.0": 7, "25318.25": 9, "25318.5": 7}
2025-10-20 18:09:06.647,25310.75,1,ASK,{"25310.5": 4, "25310.25": 6, "25310.0": 6, "25309.75": 6, "25309.5": 5, "25309.25": 8, "25309.0": 11, "25308.75": 4, "25308.5": 3, "25308.25": 3, "25308.0": 7, "25307.75": 3, "25307.5": 4, "25307.25": 2, "25307.0": 3, "25306.75": 7, "25306.5": 3, "25306.25": 4, "25306.0": 5, "25305.75": 4, "25305.5": 5, "25305.25": 2, "25305.0": 22, "25304.75": 8, "25304.5": 5, "25304.25": 5, "25304.0": 15, "25303.75": 7, "25303.5": 5},{"25311.25": 3, "25311.5": 7, "25311.75": 4, "25312.0": 8, "25312.25": 7, "25312.5": 6, "25312.75": 6, "25313.0": 7, "25313.25": 7, "25313.5": 6, "25313.75": 3, "25314.0": 4, "25314.25": 4, "25314.5": 5, "25314.75": 7, "25315.0": 9, "25315.25": 8, "25315.5": 7, "25315.75": 16, "25316.0": 7, "25316.25": 7, "25316.5": 8, "25316.75": 7, "25317.0": 9, "25317.25": 6, "25317.5": 7, "25317.75": 6, "25318.0": 7, "25318.25": 9, "25318.5": 7}
2025-10-20 18:09:06.648,25310.75,1,ASK,{"25310.5": 4, "25310.25": 6, "25310.0": 6, "25309.75": 6, "25309.5": 5, "25309.25": 8, "25309.0": 11, "25308.75": 4, "25308.5": 3, "25308.25": 3, "25308.0": 7, "25307.75": 3, "25307.5": 4, "25307.25": 2, "25307.0": 3, "25306.75": 7, "25306.5": 3, "25306.25": 4, "25306.0": 5, "25305.75": 4, "25305.5": 5, "25305.25": 2, "25305.0": 22, "25304.75": 8, "25304.5": 5, "25304.25": 5, "25304.0": 15, "25303.75": 7, "25303.5": 5},{"25311.25": 3, "25311.5": 7, "25311.75": 4, "25312.0": 8, "25312.25": 7, "25312.5": 6, "25312.75": 6, "25313.0": 7, "25313.25": 7, "25313.5": 6, "25313.75": 3, "25314.0": 4, "25314.25": 4, "25314.5": 5, "25314.75": 7, "25315.0": 9, "25315.25": 8, "25315.5": 7, "25315.75": 16, "25316.0": 7, "25316.25": 7, "25316.5": 8, "25316.75": 7, "25317.0": 9, "25317.25": 6, "25317.5": 7, "25317.75": 6, "25318.0": 7, "25318.25": 9, "25318.5": 7}
2025-10-20 18:09:06.648,25310.75,1,ASK,{"25310.5": 4, "25310.25": 6, "25310.0": 6, "25309.75": 6, "25309.5": 5, "25309.25": 8, "25309.0": 11, "25308.75": 4, "25308.5": 3, "25308.25": 3, "25308.0": 7, "25307.75": 3, "25307.5": 4, "25307.25": 2, "25307.0": 3, "25306.75": 7, "25306.5": 3, "25306.25": 4, "25306.0": 5, "25305.75": 4, "25305.5": 5, "25305.25": 2, "25305.0": 22, "25304.75": 8, "25304.5": 5, "25304.25": 5, "25304.0": 15, "25303.75": 7, "25303.5": 5},{"25311.25": 3, "25311.5": 7, "25311.75": 4, "25312.0": 8, "25312.25": 7, "25312.5": 6, "25312.75": 6, "25313.0": 7, "25313.25": 7, "25313.5": 6, "25313.75": 3, "25314.0": 4, "25314.25": 4, "25314.5": 5, "25314.75": 7, "25315.0": 9, "25315.25": 8, "25315.5": 7, "25315.75": 16, "25316.0": 7, "25316.25": 7, "25316.5": 8, "25316.75": 7, "25317.0": 9, "25317.25": 6, "25317.5": 7, "25317.75": 6, "25318.0": 7, "25318.25": 9, "25318.5": 7}
2025-10-20 18:09:06.649,25310.75,1,ASK,{"25310.5": 4, "25310.25": 6, "25310.0": 6, "25309.75": 6, "25309.5": 5, "25309.25": 8, "25309.0": 11, "25308.75": 4, "25308.5": 3, "25308.25": 3, "25308.0": 7, "25307.75": 3, "25307.5": 4, "25307.25": 2, "25307.0": 3, "25306.75": 7, "25306.5": 3, "25306.25": 4, "25306.0": 5, "25305.75": 4, "25305.5": 5, "25305.25": 2, "25305.0": 22, "25304.75": 8, "25304.5": 5, "25304.25": 5, "25304.0": 15, "25303.75": 7, "25303.5": 5},{"25311.25": 3, "25311.5": 7, "25311.75": 4, "25312.0": 8, "25312.25": 7, "25312.5": 6, "25312.75": 6, "25313.0": 7, "25313.25": 7, "25313.5": 6, "25313.75": 3, "25314.0": 4, "25314.25": 4, "25314.5": 5, "25314.75": 7, "25315.0": 9, "25315.25": 8, "25315.5": 7, "25315.75": 16, "25316.0": 7, "25316.25": 7, "25316.5": 8, "25316.75": 7, "25317.0": 9, "25317.25": 6, "25317.5": 7, "25317.75": 6, "25318.0": 7, "25318.25": 9, "25318.5": 7}
2025-10-20 18:09:06.649,25310.75,1,ASK,{"25310.5": 4, "25310.25": 6, "25310.0": 6, "25309.75": 6, "25309.5": 5, "25309.25": 8, "25309.0": 11, "25308.75": 4, "25308.5": 3, "25308.25": 3, "25308.0": 7, "25307.75": 3, "25307.5": 4, "25307.25": 2, "25307.0": 3, "25306.75": 7, "25306.5": 3, "25306.25": 4, "25306.0": 5, "25305.75": 4, "25305.5": 5, "25305.25": 2, "25305.0": 22, "25304.75": 8, "25304.5": 5, "25304.25": 5, "25304.0": 15, "25303.75": 7, "25303.5": 5},{"25311.25": 3, "25311.5": 7, "25311.75": 4, "25312.0": 8, "25312.25": 7, "25312.5": 6, "25312.75": 6, "25313.0": 7, "25313.25": 7, "25313.5": 6, "25313.75": 3, "25314.0": 4, "25314.25": 4, "25314.5": 5, "25314.75": 7, "25315.0": 9, "25315.25": 8, "25315.5": 7, "25315.75": 16, "25316.0": 7, "25316.25": 7, "25316.5": 8, "25316.75": 7, "25317.0": 9, "25317.25": 6, "25317.5": 7, "25317.75": 6, "25318.0": 7, "25318.25": 9, "25318.5": 7}
2025-10-20 18:09:06.650,25310.75,1,ASK,{"25310.5": 4, "25310.25": 6, "25310.0": 6, "25309.75": 6, "25309.5": 5, "25309.25": 8, "25309.0": 11, "25308.75": 4, "25308.5": 3, "25308.25": 3, "25308.0": 7, "25307.75": 3, "25307.5": 4, "25307.25": 2, "25307.0": 3, "25306.75": 7, "25306.5": 3, "25306.25": 4, "25306.0": 5, "25305.75": 4, "25305.5": 5, "25305.25": 2, "25305.0": 22, "25304.75": 8, "25304.5": 5, "25304.25": 5, "25304.0": 15, "25303.75": 7, "25303.5": 5},{"25311.25": 3, "25311.5": 7, "25311.75": 4, "25312.0": 8, "25312.25": 7, "25312.5": 6, "25312.75": 6, "25313.0": 7, "25313.25": 7, "25313.5": 6, "25313.75": 3, "25314.0": 4, "25314.25": 4, "25314.5": 5, "25314.75": 7, "25315.0": 9, "25315.25": 8, "25315.5": 7, "25315.75": 16, "25316.0": 7, "25316.25": 7, "25316.5": 8, "25316.75": 7, "25317.0": 9, "25317.25": 6, "25317.5": 7, "25317.75": 6, "25318.0": 7, "25318.25": 9, "25318.5": 7}
2025-10-20 18:09:06.650,25310.75,1,ASK,{"25310.5": 4, "25310.25": 6, "25310.0": 6, "25309.75": 6, "25309.5": 5, "25309.25": 8, "25309.0": 11, "25308.75": 4, "25308.5": 3, "25308.25": 3, "25308.0": 7, "25307.75": 3, "25307.5": 4, "25307.25": 2, "25307.0": 3, "25306.75": 7, "25306.5": 3, "25306.25": 4, "25306.0": 5, "25305.75": 4, "25305.5": 5, "25305.25": 2, "25305.0": 22, "25304.75": 8, "25304.5": 5, "25304.25": 5, "25304.0": 15, "25303.75": 7, "25303.5": 5},{"25311.25": 3, "25311.5": 7, "25311.75": 4, "25312.0": 8, "25312.25": 7, "25312.5": 6, "25312.75": 6, "25313.0": 7, "25313.25": 7, "25313.5": 6, "25313.75": 3, "25314.0": 4, "25314.25": 4, "25314.5": 5, "25314.75": 7, "25315.0": 9, "25315.25": 8, "25315.5": 7, "25315.75": 16, "25316.0": 7, "25316.25": 7, "25316.5": 8, "25316.75": 7, "25317.0": 9, "25317.25": 6, "25317.5": 7, "25317.75": 6, "25318.0": 7, "25318.25": 9, "25318.5": 7}
2025-10-20 18:09:06.651,25310.5,1,ASK,{"25310.5": 4, "25310.25": 6, "25310.0": 6, "25309.75": 6, "25309.5": 5, "25309.25": 8, "25309.0": 11, "25308.75": 4, "25308.5": 3, "25308.25": 3, "25308.0": 7, "25307.75": 3, "25307.5": 4, "25307.25": 2, "25307.0": 3, "25306.75": 7, "25306.5": 3, "25306.25": 4, "25306.0": 5, "25305.75": 4, "25305.5": 5, "25305.25": 2, "25305.0": 22, "25304.75": 8, "25304.5": 5, "25304.25": 5, "25304.0": 15, "25303.75": 7, "25303.5": 5},{"25311.25": 3, "25311.5": 7, "25311.75": 4, "25312.0": 8, "25312.25": 7, "25312.5": 6, "25312.75": 6, "25313.0": 7, "25313.25": 7, "25313.5": 6, "25313.75": 3, "25314.0": 4, "25314.25": 4, "25314.5": 5, "25314.75": 7, "25315.0": 9, "25315.25": 8, "25315.5": 7, "25315.75": 16, "25316.0": 7, "25316.25": 7, "25316.5": 8, "25316.75": 7, "25317.0": 9, "25317.25": 6, "25317.5": 7, "25317.75": 6, "25318.0": 7, "25318.25": 9, "25318.5": 7}
2025-10-20 18:09:06.707,25311.25,1,BID,{"25311.0": 4, "25310.75": 6, "25310.5": 6, "25310.25": 8, "25310.0": 5, "25309.75": 6, "25309.5": 5, "25309.25": 8, "25309.0": 11, "25308.75": 4, "25308.5": 3, "25308.25": 3, "25308.0": 7, "25307.75": 3, "25307.5": 4, "25307.25": 2, "25307.0": 3, "25306.75": 7, "25306.5": 3, "25306.25": 4, "25306.0": 5, "25305.75": 4, "25305.5": 5, "25305.25": 2, "25305.0": 22, "25304.75": 8, "25304.5": 4, "25304.25": 5, "25304.0": 15, "25303.75": 7},{"25311.75": 5, "25312.0": 7, "25312.25": 7, "25312.5": 6, "25312.75": 6, "25313.0": 7, "25313.25": 7, "25313.5": 6, "25313.75": 3, "25314.0": 4, "25314.25": 5, "25314.5": 5, "25314.75": 7, "25315.0": 9, "25315.25": 8, "25315.5": 7, "25315.75": 16, "25316.0": 7, "25316.25": 7, "25316.5": 8, "25316.75": 7, "25317.0": 9, "25317.25": 6, "25317.5": 7, "25317.75": 6, "25318.0": 7, "25318.25": 9, "25318.5": 7, "25318.75": 7, "25311.5": 2}
2025-10-20 18:09:06.708,25311.25,1,BID,{"25311.0": 4, "25310.75": 6, "25310.5": 6, "25310.25": 8, "25310.0": 5, "25309.75": 6, "25309.5": 5, "25309.25": 8, "25309.0": 11, "25308.75": 4, "25308.5": 3, "25308.25": 3, "25308.0": 7, "25307.75": 3, "25307.5": 4, "25307.25": 2, "25307.0": 3, "25306.75": 7, "25306.5": 3, "25306.25": 4, "25306.0": 5, "25305.75": 4, "25305.5": 5, "25305.25": 2, "25305.0": 22, "25304.75": 8, "25304.5": 4, "25304.25": 5, "25304.0": 15, "25303.75": 7},{"25311.75": 5, "25312.0": 7, "25312.25": 7, "25312.5": 6, "25312.75": 6, "25313.0": 7, "25313.25": 7, "25313.5": 6, "25313.75": 3, "25314.0": 4, "25314.25": 5, "25314.5": 5, "25314.75": 7, "25315.0": 9, "25315.25": 8, "25315.5": 7, "25315.75": 16, "25316.0": 7, "25316.25": 7, "25316.5": 8, "25316.75": 7, "25317.0": 9, "25317.25": 6, "25317.5": 7, "25317.75": 6, "25318.0": 7, "25318.25": 9, "25318.5": 7, "25318.75": 7, "25311.5": 2}
2025-10-20 18:09:06.708,25311.25,1,BID,{"25311.0": 4, "25310.75": 6, "25310.5": 6, "25310.25": 8, "25310.0": 5, "25309.75": 6, "25309.5": 5, "25309.25": 8, "25309.0": 11, "25308.75": 4, "25308.5": 3, "25308.25": 3, "25308.0": 7, "25307.75": 3, "25307.5": 4, "25307.25": 2, "25307.0": 3, "25306.75": 7, "25306.5": 3, "25306.25": 4, "25306.0": 5, "25305.75": 4, "25305.5": 5, "25305.25": 2, "25305.0": 22, "25304.75": 8, "25304.5": 4, "25304.25": 5, "25304.0": 15, "25303.75": 7},{"25311.75": 5, "25312.0": 7, "25312.25": 7, "25312.5": 6, "25312.75": 6, "25313.0": 7, "25313.25": 7, "25313.5": 6, "25313.75": 3, "25314.0": 4, "25314.25": 5, "25314.5": 5, "25314.75": 7, "25315.0": 9, "25315.25": 8, "25315.5": 7, "25315.75": 16, "25316.0": 7, "25316.25": 7, "25316.5": 8, "25316.75": 7, "25317.0": 9, "25317.25": 6, "25317.5": 7, "25317.75": 6, "25318.0": 7, "25318.25": 9, "25318.5": 7, "25318.75": 7, "25311.5": 2}
2025-10-20 18:09:06.709,25311.25,1,BID,{"25311.0": 4, "25310.75": 6, "25310.5": 6, "25310.25": 8, "25310.0": 5, "25309.75": 6, "25309.5": 5, "25309.25": 8, "25309.0": 11, "25308.75": 4, "25308.5": 3, "25308.25": 3, "25308.0": 7, "25307.75": 3, "25307.5": 4, "25307.25": 2, "25307.0": 3, "25306.75": 7, "25306.5": 3, "25306.25": 4, "25306.0": 5, "25305.75": 4, "25305.5": 5, "25305.25": 2, "25305.0": 22, "25304.75": 8, "25304.5": 4, "25304.25": 5, "25304.0": 15, "25303.75": 7},{"25311.75": 5, "25312.0": 7, "25312.25": 7, "25312.5": 6, "25312.75": 6, "25313.0": 7, "25313.25": 7, "25313.5": 6, "25313.75": 3, "25314.0": 4, "25314.25": 5, "25314.5": 5, "25314.75": 7, "25315.0": 9, "25315.25": 8, "25315.5": 7, "25315.75": 16, "25316.0": 7, "25316.25": 7, "25316.5": 8, "25316.75": 7, "25317.0": 9, "25317.25": 6, "25317.5": 7, "25317.75": 6, "25318.0": 7, "25318.25": 9, "25318.5": 7, "25318.75": 7, "25311.5": 2}
2025-10-20 18:09:06.709,25311.5,1,BID,{"25311.0": 4, "25310.75": 6, "25310.5": 6, "25310.25": 8, "25310.0": 5, "25309.75": 6, "25309.5": 5, "25309.25": 8, "25309.0": 11, "25308.75": 4, "25308.5": 3, "25308.25": 3, "25308.0": 7, "25307.75": 3, "25307.5": 4, "25307.25": 2, "25307.0": 3, "25306.75": 7, "25306.5": 3, "25306.25": 4, "25306.0": 5, "25305.75": 4, "25305.5": 5, "25305.25": 2, "25305.0": 22, "25304.75": 8, "25304.5": 4, "25304.25": 5, "25304.0": 15, "25303.75": 7},{"25311.75": 5, "25312.0": 7, "25312.25": 7, "25312.5": 6, "25312.75": 6, "25313.0": 7, "25313.25": 7, "25313.5": 6, "25313.75": 3, "25314.0": 4, "25314.25": 5, "25314.5": 5, "25314.75": 7, "25315.0": 9, "25315.25": 8, "25315.5": 7, "25315.75": 16, "25316.0": 7, "25316.25": 7, "25316.5": 8, "25316.75": 7, "25317.0": 9, "25317.25": 6, "25317.5": 7, "25317.75": 6, "25318.0": 7, "25318.25": 9, "25318.5": 7, "25318.75": 7, "25311.5": 2}
2025-10-20 18:09:07.184,25311.5,1,BID,{"25311.25": 3, "25311.0": 4, "25310.75": 7, "25310.5": 7, "25310.25": 8, "25310.0": 5, "25309.75": 6, "25309.5": 5, "25309.25": 8, "25309.0": 11, "25308.75": 4, "25308.5": 3, "25308.25": 3, "25308.0": 7, "25307.75": 3, "25307.5": 4, "25307.25": 2, "25307.0": 3, "25306.75": 7, "25306.5": 3, "25306.25": 4, "25306.0": 5, "25305.75": 4, "25305.5": 5, "25305.25": 2, "25305.0": 22, "25304.75": 8, "25304.5": 4, "25304.25": 4, "25304.0": 15},{"25312.0": 8, "25312.25": 7, "25312.5": 6, "25312.75": 6, "25313.0": 7, "25313.25": 7, "25313.5": 6, "25313.75": 3, "25314.0": 5, "25314.25": 5, "25314.5": 6, "25314.75": 8, "25315.0": 9, "25315.25": 8, "25315.5": 7, "25315.75": 15, "25316.0": 7, "25316.25": 7, "25316.5": 8, "25316.75": 7, "25317.0": 8, "25317.25": 6, "25317.5": 7, "25317.75": 6, "25318.0": 7, "25318.25": 9, "25318.5": 7, "25318.75": 7, "25319.0": 7}
2025-10-20 18:09:08.291,25312.0,1,BID,{"25311.75": 5, "25311.5": 6, "25311.25": 5, "25311.0": 3, "25310.75": 7, "25310.5": 7, "25310.25": 8, "25310.0": 6, "25309.75": 6, "25309.5": 5, "25309.25": 8, "25309.0": 11, "25308.75": 4, "25308.5": 3, "25308.25": 3, "25308.0": 8, "25307.75": 3, "25307.5": 4, "25307.25": 2, "25307.0": 3, "25306.75": 7, "25306.5": 3, "25306.25": 4, "25306.0": 5, "25305.75": 4, "25305.5": 5, "25305.25": 2, "25305.0": 22, "25304.75": 8, "25304.5": 5},{"25312.5": 4, "25312.75": 6, "25313.0": 7, "25313.25": 7, "25313.5": 6, "25313.75": 3, "25314.0": 4, "25314.25": 4, "25314.5": 6, "25314.75": 7, "25315.0": 9, "25315.25": 9, "25315.5": 7, "25315.75": 11, "25316.0": 6, "25316.25": 7, "25316.5": 8, "25316.75": 7, "25317.0": 8, "25317.25": 6, "25317.5": 7, "25317.75": 6, "25318.0": 7, "25318.25": 9, "25318.5": 7, "25318.75": 8, "25319.0": 7, "25319.25": 6, "25319.5": 4}
2025-10-20 18:09:08.292,25312.0,1,BID,{"25311.75": 5, "25311.5": 6, "25311.25": 5, "25311.0": 3, "25310.75": 7, "25310.5": 7, "25310.25": 8, "25310.0": 6, "25309.75": 6, "25309.5": 5, "25309.25": 8, "25309.0": 11, "25308.75": 4, "25308.5": 3, "25308.25": 3, "25308.0": 8, "25307.75": 3, "25307.5": 4, "25307.25": 2, "25307.0": 3, "25306.75": 7, "25306.5": 3, "25306.25": 4, "25306.0": 5, "25305.75": 4, "25305.5": 5, "25305.25": 2, "25305.0": 22, "25304.75": 8, "25304.5": 5},{"25312.5": 4, "25312.75": 6, "25313.0": 7, "25313.25": 7, "25313.5": 6, "25313.75": 3, "25314.0": 4, "25314.25": 4, "25314.5": 6, "25314.75": 7, "25315.0": 9, "25315.25": 9, "25315.5": 7, "25315.75": 11, "25316.0": 6, "25316.25": 7, "25316.5": 8, "25316.75": 7, "25317.0": 8, "25317.25": 6, "25317.5": 7, "25317.75": 6, "25318.0": 7, "25318.25": 9, "25318.5": 7, "25318.75": 8, "25319.0": 7, "25319.25": 6, "25319.5": 4}
2025-10-20 18:09:08.292,25312.0,1,BID,{"25311.75": 5, "25311.5": 6, "25311.25": 5, "25311.0": 3, "25310.75": 7, "25310.5": 7, "25310.25": 8, "25310.0": 6, "25309.75": 6, "25309.5": 5, "25309.25": 8, "25309.0": 11, "25308.75": 4, "25308.5": 3, "25308.25": 3, "25308.0": 8, "25307.75": 3, "25307.5": 4, "25307.25": 2, "25307.0": 3, "25306.75": 7, "25306.5": 3, "25306.25": 4, "25306.0": 5, "25305.75": 4, "25305.5": 5, "25305.25": 2, "25305.0": 22, "25304.75": 8, "25304.5": 5},{"25312.5": 4, "25312.75": 6, "25313.0": 7, "25313.25": 7, "25313.5": 6, "25313.75": 3, "25314.0": 4, "25314.25": 4, "25314.5": 6, "25314.75": 7, "25315.0": 9, "25315.25": 9, "25315.5": 7, "25315.75": 11, "25316.0": 6, "25316.25": 7, "25316.5": 8, "25316.75": 7, "25317.0": 8, "25317.25": 6, "25317.5": 7, "25317.75": 6, "25318.0": 7, "25318.25": 9, "25318.5": 7, "25318.75": 8, "25319.0": 7, "25319.25": 6, "25319.5": 4}
2025-10-20 18:09:08.293,25312.0,1,BID,{"25311.75": 5, "25311.5": 6, "25311.25": 5, "25311.0": 3, "25310.75": 7, "25310.5": 7, "25310.25": 8, "25310.0": 6, "25309.75": 6, "25309.5": 5, "25309.25": 8, "25309.0": 11, "25308.75": 4, "25308.5": 3, "25308.25": 3, "25308.0": 8, "25307.75": 3, "25307.5": 4, "25307.25": 2, "25307.0": 3, "25306.75": 7, "25306.5": 3, "25306.25": 4, "25306.0": 5, "25305.75": 4, "25305.5": 5, "25305.25": 2, "25305.0": 22, "25304.75": 8, "25304.5": 5},{"25312.5": 4, "25312.75": 6, "25313.0": 7, "25313.25": 7, "25313.5": 6, "25313.75": 3, "25314.0": 4, "25314.25": 4, "25314.5": 6, "25314.75": 7, "25315.0": 9, "25315.25": 9, "25315.5": 7, "25315.75": 11, "25316.0": 6, "25316.25": 7, "25316.5": 8, "25316.75": 7, "25317.0": 8, "25317.25": 6, "25317.5": 7, "25317.75": 6, "25318.0": 7, "25318.25": 9, "25318.5": 7, "25318.75": 8, "25319.0": 7, "25319.25": 6, "25319.5": 4}
2025-10-20 18:09:08.293,25312.0,1,BID,{"25311.75": 5, "25311.5": 6, "25311.25": 5, "25311.0": 3, "25310.75": 7, "25310.5": 7, "25310.25": 8, "25310.0": 6, "25309.75": 6, "25309.5": 5, "25309.25": 8, "25309.0": 11, "25308.75": 4, "25308.5": 3, "25308.25": 3, "25308.0": 8, "25307.75": 3, "25307.5": 4, "25307.25": 2, "25307.0": 3, "25306.75": 7, "25306.5": 3, "25306.25": 4, "25306.0": 5, "25305.75": 4, "25305.5": 5, "25305.25": 2, "25305.0": 22, "25304.75": 8, "25304.5": 5},{"25312.5": 4, "25312.75": 6, "25313.0": 7, "25313.25": 7, "25313.5": 6, "25313.75": 3, "25314.0": 4, "25314.25": 4, "25314.5": 6, "25314.75": 7, "25315.0": 9, "25315.25": 9, "25315.5": 7, "25315.75": 11, "25316.0": 6, "25316.25": 7, "25316.5": 8, "25316.75": 7, "25317.0": 8, "25317.25": 6, "25317.5": 7, "25317.75": 6, "25318.0": 7, "25318.25": 9, "25318.5": 7, "25318.75": 8, "25319.0": 7, "25319.25": 6, "25319.5": 4}
2025-10-20 18:09:08.294,25312.0,1,ASK,{"25311.75": 5, "25311.5": 6, "25311.25": 5, "25311.0": 3, "25310.75": 7, "25310.5": 7, "25310.25": 8, "25310.0": 6, "25309.75": 6, "25309.5": 5, "25309.25": 8, "25309.0": 11, "25308.75": 4, "25308.5": 3, "25308.25": 3, "25308.0": 8, "25307.75": 3, "25307.5": 4, "25307.25": 2, "25307.0": 3, "25306.75": 7, "25306.5": 3, "25306.25": 4, "25306.0": 5, "25305.75": 4, "25305.5": 5, "25305.25": 2, "25305.0": 22, "25304.75": 8, "25304.5": 5},{"25312.5": 4, "25312.75": 6, "25313.0": 7, "25313.25": 7, "25313.5": 6, "25313.75": 3, "25314.0": 4, "25314.25": 4, "25314.5": 6, "25314.75": 7, "25315.0": 9, "25315.25": 9, "25315.5": 7, "25315.75": 11, "25316.0": 6, "25316.25": 7, "25316.5": 8, "25316.75": 7, "25317.0": 8, "25317.25": 6, "25317.5": 7, "25317.75": 6, "25318.0": 7, "25318.25": 9, "25318.5": 7, "25318.75": 8, "25319.0": 7, "25319.25": 6, "25319.5": 4}
2025-10-20 18:09:08.294,25311.75,1,ASK,{"25311.75": 5, "25311.5": 6, "25311.25": 5, "25311.0": 3, "25310.75": 7, "25310.5": 7, "25310.25": 8, "25310.0": 6, "25309.75": 6, "25309.5": 5, "25309.25": 8, "25309.0": 11, "25308.75": 4, "25308.5": 3, "25308.25": 3, "25308.0": 8, "25307.75": 3, "25307.5": 4, "25307.25": 2, "25307.0": 3, "25306.75": 7, "25306.5": 3, "25306.25": 4, "25306.0": 5, "25305.75": 4, "25305.5": 5, "25305.25": 2, "25305.0": 22, "25304.75": 8, "25304.5": 5},{"25312.5": 4, "25312.75": 6, "25313.0": 7, "25313.25": 7, "25313.5": 6, "25313.75": 3, "25314.0": 4, "25314.25": 4, "25314.5": 6, "25314.75": 7, "25315.0": 9, "25315.25": 9, "25315.5": 7, "25315.75": 11, "25316.0": 6, "25316.25": 7, "25316.5": 8, "25316.75": 7, "25317.0": 8, "25317.25": 6, "25317.5": 7, "25317.75": 6, "25318.0": 7, "25318.25": 9, "25318.5": 7, "25318.75": 8, "25319.0": 7, "25319.25": 6, "25319.5": 4}
2025-10-20 18:09:08.295,25312.0,1,BID,{"25311.75": 5, "25311.5": 6, "25311.25": 5, "25311.0": 3, "25310.75": 7, "25310.5": 7, "25310.25": 8, "25310.0": 6, "25309.75": 6, "25309.5": 5, "25309.25": 8, "25309.0": 11, "25308.75": 4, "25308.5": 3, "25308.25": 3, "25308.0": 8, "25307.75": 3, "25307.5": 4, "25307.25": 2, "25307.0": 3, "25306.75": 7, "25306.5": 3, "25306.25": 4, "25306.0": 5, "25305.75": 4, "25305.5": 5, "25305.25": 2, "25305.0": 22, "25304.75": 8, "25304.5": 5},{"25312.5": 4, "25312.75": 6, "25313.0": 7, "25313.25": 7, "25313.5": 6, "25313.75": 3, "25314.0": 4, "25314.25": 4, "25314.5": 6, "25314.75": 7, "25315.0": 9, "25315.25": 9, "25315.5": 7, "25315.75": 11, "25316.0": 6, "25316.25": 7, "25316.5": 8, "25316.75": 7, "25317.0": 8, "25317.25": 6, "25317.5": 7, "25317.75": 6, "25318.0": 7, "25318.25": 9, "25318.5": 7, "25318.75": 8, "25319.0": 7, "25319.25": 6, "25319.5": 4}
2025-10-20 18:09:08.295,25312.0,1,BID,{"25311.75": 5, "25311.5": 6, "25311.25": 5, "25311.0": 3, "25310.75": 7, "25310.5": 7, "25310.25": 8, "25310.0": 6, "25309.75": 6, "25309.5": 5, "25309.25": 8, "25309.0": 11, "25308.75": 4, "25308.5": 3, "25308.25": 3, "25308.0": 8, "25307.75": 3, "25307.5": 4, "25307.25": 2, "25307.0": 3, "25306.75": 7, "25306.5": 3, "25306.25": 4, "25306.0": 5, "25305.75": 4, "25305.5": 5, "25305.25": 2, "25305.0": 22, "25304.75": 8, "25304.5": 5},{"25312.5": 4, "25312.75": 6, "25313.0": 7, "25313.25": 7, "25313.5": 6, "25313.75": 3, "25314.0": 4, "25314.25": 4, "25314.5": 6, "25314.75": 7, "25315.0": 9, "25315.25": 9, "25315.5": 7, "25315.75": 11, "25316.0": 6, "25316.25": 7, "25316.5": 8, "25316.75": 7, "25317.0": 8, "25317.25": 6, "25317.5": 7, "25317.75": 6, "25318.0": 7, "25318.25": 9, "25318.5": 7, "25318.75": 8, "25319.0": 7, "25319.25": 6, "25319.5": 4}
2025-10-20 18:09:08.296,25311.75,1,ASK,{"25311.75": 5, "25311.5": 6, "25311.25": 5, "25311.0": 3, "25310.75": 7, "25310.5": 7, "25310.25": 8, "25310.0": 6, "25309.75": 6, "25309.5": 5, "25309.25": 8, "25309.0": 11, "25308.75": 4, "25308.5": 3, "25308.25": 3, "25308.0": 8, "25307.75": 3, "25307.5": 4, "25307.25": 2, "25307.0": 3, "25306.75": 7, "25306.5": 3, "25306.25": 4, "25306.0": 5, "25305.75": 4, "25305.5": 5, "25305.25": 2, "25305.0": 22, "25304.75": 8, "25304.5": 5},{"25312.5": 4, "25312.75": 6, "25313.0": 7, "25313.25": 7, "25313.5": 6, "25313.75": 3, "25314.0": 4, "25314.25": 4, "25314.5": 6, "25314.75": 7, "25315.0": 9, "25315.25": 9, "25315.5": 7, "25315.75": 11, "25316.0": 6, "25316.25": 7, "25316.5": 8, "25316.75": 7, "25317.0": 8, "25317.25": 6, "25317.5": 7, "25317.75": 6, "25318.0": 7, "25318.25": 9, "25318.5": 7, "25318.75": 8, "25319.0": 7, "25319.25": 6, "25319.5": 4}
2025-10-20 18:09:08.296,25312.0,1,BID,{"25311.75": 5, "25311.5": 6, "25311.25": 5, "25311.0": 3, "25310.75": 7, "25310.5": 7, "25310.25": 8, "25310.0": 6, "25309.75": 6, "25309.5": 5, "25309.25": 8, "25309.0": 11, "25308.75": 4, "25308.5": 3, "25308.25": 3, "25308.0": 8, "25307.75": 3, "25307.5": 4, "25307.25": 2, "25307.0": 3, "25306.75": 7, "25306.5": 3, "25306.25": 4, "25306.0": 5, "25305.75": 4, "25305.5": 5, "25305.25": 2, "25305.0": 22, "25304.75": 8, "25304.5": 5},{"25312.5": 4, "25312.75": 6, "25313.0": 7, "25313.25": 7, "25313.5": 6, "25313.75": 3, "25314.0": 4, "25314.25": 4, "25314.5": 6, "25314.75": 7, "25315.0": 9, "25315.25": 9, "25315.5": 7, "25315.75": 11, "25316.0": 6, "25316.25": 7, "25316.5": 8, "25316.75": 7, "25317.0": 8, "25317.25": 6, "25317.5": 7, "25317.75": 6, "25318.0": 7, "25318.25": 9, "25318.5": 7, "25318.75": 8, "25319.0": 7, "25319.25": 6, "25319.5": 4}
2025-10-20 18:09:08.422,25311.5,1,ASK,{"25310.75": 7, "25310.5": 6, "25310.25": 8, "25310.0": 6, "25309.75": 6, "25309.5": 5, "25309.25": 8, "25309.0": 11, "25308.75": 4, "25308.5": 3, "25308.25": 3, "25308.0": 8, "25307.75": 3, "25307.5": 4, "25307.25": 2, "25307.0": 3, "25306.75": 7, "25306.5": 3, "25306.25": 4, "25306.0": 5, "25305.75": 4, "25305.5": 5, "25305.25": 2, "25305.0": 22, "25304.75": 8, "25304.5": 4, "25304.25": 5, "25304.0": 15, "25303.75": 6},{"25311.5": 2, "25311.75": 5, "25312.0": 5, "25312.25": 7, "25312.5": 8, "25312.75": 6, "25313.0": 7, "25313.25": 7, "25313.5": 6, "25313.75": 3, "25314.0": 4, "25314.25": 4, "25314.5": 6, "25314.75": 7, "25315.0": 8, "25315.25": 9, "25315.5": 7, "25315.75": 11, "25316.0": 6, "25316.25": 7, "25316.5": 7, "25316.75": 8, "25317.0": 8, "25317.25": 6, "25317.5": 7, "25317.75": 6, "25318.0": 7, "25318.25": 9, "25318.5": 7, "25318.75": 8}
2025-10-20 18:09:08.423,25311.5,1,ASK,{"25310.75": 7, "25310.5": 6, "25310.25": 8, "25310.0": 6, "25309.75": 6, "25309.5": 5, "25309.25": 8, "25309.0": 11, "25308.75": 4, "25308.5": 3, "25308.25": 3, "25308.0": 8, "25307.75": 3, "25307.5": 4, "25307.25": 2, "25307.0": 3, "25306.75": 7, "25306.5": 3, "25306.25": 4, "25306.0": 5, "25305.75": 4, "25305.5": 5, "25305.25": 2, "25305.0": 22, "25304.75": 8, "25304.5": 4, "25304.25": 5, "25304.0": 15, "25303.75": 6},{"25311.5": 2, "25311.75": 5, "25312.0": 5, "25312.25": 7, "25312.5": 8, "25312.75": 6, "25313.0": 7, "25313.25": 7, "25313.5": 6, "25313.75": 3, "25314.0": 4, "25314.25": 4, "25314.5": 6, "25314.75": 7, "25315.0": 8, "25315.25": 9, "25315.5": 7, "25315.75": 11, "25316.0": 6, "25316.25": 7, "25316.5": 7, "25316.75": 8, "25317.0": 8, "25317.25": 6, "25317.5": 7, "25317.75": 6, "25318.0": 7, "25318.25": 9, "25318.5": 7, "25318.75": 8}
2025-10-20 18:09:08.484,25311.5,1,BID,{"25310.75": 7, "25310.5": 6, "25310.25": 8, "25310.0": 6, "25309.75": 6, "25309.5": 5, "25309.25": 8, "25309.0": 11, "25308.75": 4, "25308.5": 3, "25308.25": 3, "25308.0": 8, "25307.75": 3, "25307.5": 4, "25307.25": 2, "25307.0": 3, "25306.75": 7, "25306.5": 3, "25306.25": 4, "25306.0": 5, "25305.75": 4, "25305.5": 5, "25305.25": 2, "25305.0": 22, "25304.75": 8, "25304.5": 4, "25304.25": 5, "25304.0": 15, "25303.75": 6, "25311.0": 3},{"25311.5": 2, "25311.75": 5, "25312.0": 5, "25312.25": 7, "25312.5": 8, "25312.75": 6, "25313.0": 7, "25313.25": 7, "25313.5": 6, "25313.75": 3, "25314.0": 4, "25314.25": 4, "25314.5": 6, "25314.75": 7, "25315.0": 8, "25315.25": 9, "25315.5": 7, "25315.75": 11, "25316.0": 6, "25316.25": 7, "25316.5": 7, "25316.75": 8, "25317.0": 8, "25317.25": 6, "25317.5": 7, "25317.75": 6, "25318.0": 7, "25318.25": 9, "25318.5": 7, "25318.75": 8}
2025-10-20 18:09:08.673,25311.75,1,BID,{"25311.25": 4, "25311.0": 5, "25310.75": 7, "25310.5": 6, "25310.25": 8, "25310.0": 6, "25309.75": 6, "25309.5": 5, "25309.25": 8, "25309.0": 12, "25308.75": 4, "25308.5": 3, "25308.25": 3, "25308.0": 8, "25307.75": 3, "25307.5": 4, "25307.25": 2, "25307.0": 3, "25306.75": 7, "25306.5": 3, "25306.25": 4, "25306.0": 5, "25305.75": 4, "25305.5": 5, "25305.25": 2, "25305.0": 22, "25304.75": 8, "25304.5": 4, "25304.25": 5, "25304.0": 15},{"25312.25": 7, "25312.75": 6, "25313.0": 7, "25313.25": 7, "25313.5": 6, "25313.75": 3, "25314.0": 4, "25314.25": 5, "25314.5": 6, "25314.75": 7, "25315.0": 8, "25315.25": 8, "25315.5": 7, "25315.75": 12, "25316.0": 6, "25316.25": 7, "25316.5": 7, "25316.75": 8, "25317.0": 8, "25317.25": 6, "25317.5": 7, "25317.75": 6, "25318.0": 7, "25318.25": 9, "25318.5": 7, "25318.75": 8, "25319.0": 7, "25319.25": 6}
2025-10-20 18:09:08.895,25311.75,1,ASK,{"25311.75": 2, "25311.5": 5, "25311.25": 6, "25311.0": 4, "25310.75": 8, "25310.5": 7, "25310.25": 8, "25310.0": 6, "25309.75": 6, "25309.5": 5, "25309.25": 8, "25309.0": 12, "25308.75": 4, "25308.5": 3, "25308.25": 3, "25308.0": 7, "25307.75": 3, "25307.5": 4, "25307.25": 2, "25307.0": 3, "25306.75": 7, "25306.5": 3, "25306.25": 4, "25306.0": 5, "25305.75": 4, "25305.5": 5, "25305.25": 2, "25305.0": 22, "25304.75": 8, "25304.5": 4},{"25312.5": 7, "25312.75": 6, "25313.0": 7, "25313.25": 7, "25313.5": 6, "25313.75": 3, "25314.0": 4, "25314.25": 5, "25314.5": 6, "25314.75": 7, "25315.0": 8, "25315.25": 8, "25315.5": 7, "25315.75": 12, "25316.0": 6, "25316.25": 7, "25316.5": 7, "25316.75": 8, "25317.0": 8, "25317.25": 6, "25317.5": 7, "25317.75": 6, "25318.0": 7, "25318.25": 9, "25318.5": 7, "25318.75": 8, "25319.0": 7, "25319.25": 7, "25319.5": 4, "25312.25": 4}
2025-10-20 18:09:09.023,25312.25,1,BID,{"25312.0": 1, "25311.75": 5, "25311.5": 5, "25311.25": 7, "25311.0": 5, "25310.75": 7, "25310.5": 7, "25310.25": 8, "25310.0": 6, "25309.75": 6, "25309.5": 5, "25309.25": 8, "25309.0": 12, "25308.75": 4, "25308.5": 3, "25308.25": 3, "25308.0": 7, "25307.75": 3, "25307.5": 4, "25307.25": 2, "25307.0": 3, "25306.75": 7, "25306.5": 3, "25306.25": 4, "25306.0": 5, "25305.75": 4, "25305.5": 5, "25305.25": 2, "25305.0": 22, "25304.75": 8},{"25312.75": 5, "25313.0": 7, "25313.25": 7, "25313.5": 6, "25313.75": 3, "25314.0": 4, "25314.25": 5, "25314.5": 6, "25314.75": 7, "25315.0": 8, "25315.25": 8, "25315.5": 7, "25315.75": 12, "25316.0": 6, "25316.25": 7, "25316.5": 7, "25316.75": 8, "25317.0": 8, "25317.25": 6, "25317.5": 7, "25317.75": 6, "25318.0": 7, "25318.25": 9, "25318.5": 7, "25318.75": 8, "25319.0": 7, "25319.25": 7, "25319.5": 4, "25319.75": 6}
2025-10-20 18:09:09.023,25312.25,1,BID,{"25312.0": 1, "25311.75": 5, "25311.5": 5, "25311.25": 7, "25311.0": 5, "25310.75": 7, "25310.5": 7, "25310.25": 8, "25310.0": 6, "25309.75": 6, "25309.5": 5, "25309.25": 8, "25309.0": 12, "25308.75": 4, "25308.5": 3, "25308.25": 3, "25308.0": 7, "25307.75": 3, "25307.5": 4, "25307.25": 2, "25307.0": 3, "25306.75": 7, "25306.5": 3, "25306.25": 4, "25306.0": 5, "25305.75": 4, "25305.5": 5, "25305.25": 2, "25305.0": 22, "25304.75": 8},{"25312.75": 5, "25313.0": 7, "25313.25": 7, "25313.5": 6, "25313.75": 3, "25314.0": 4, "25314.25": 5, "25314.5": 6, "25314.75": 7, "25315.0": 8, "25315.25": 8, "25315.5": 7, "25315.75": 12, "25316.0": 6, "25316.25": 7, "25316.5": 7, "25316.75": 8, "25317.0": 8, "25317.25": 6, "25317.5": 7, "25317.75": 6, "25318.0": 7, "25318.25": 9, "25318.5": 7, "25318.75": 8, "25319.0": 7, "25319.25": 7, "25319.5": 4, "25319.75": 6}
2025-10-20 18:09:09.277,25312.25,1,ASK,{"25311.5": 4, "25311.25": 6, "25311.0": 5, "25310.75": 7, "25310.5": 7, "25310.25": 8, "25310.0": 6, "25309.75": 6, "25309.5": 5, "25309.25": 8, "25309.0": 12, "25308.75": 4, "25308.5": 3, "25308.25": 3, "25308.0": 7, "25307.75": 3, "25307.5": 4, "25307.25": 2, "25307.0": 3, "25306.75": 7, "25306.5": 3, "25306.25": 4, "25306.0": 5, "25305.75": 4, "25305.5": 5, "25305.25": 2, "25305.0": 22, "25304.75": 8, "25304.5": 5, "25311.75": 2},{"25312.25": 3, "25312.5": 5, "25312.75": 5, "25313.0": 8, "25313.25": 7, "25313.5": 6, "25313.75": 3, "25314.0": 4, "25314.25": 5, "25314.5": 6, "25314.75": 7, "25315.0": 8, "25315.25": 13, "25315.5": 7, "25315.75": 12, "25316.0": 6, "25316.25": 7, "25316.5": 7, "25316.75": 8, "25317.0": 8, "25317.25": 6, "25317.5": 7, "25317.75": 6, "25318.0": 7, "25318.25": 9, "25318.5": 7, "25318.75": 8, "25319.0": 7, "25319.25": 7, "25319.5": 4}
2025-10-20 18:09:09.630,25311.25,1,BID,{"25310.75": 6, "25310.5": 6, "25310.25": 7, "25310.0": 6, "25309.75": 6, "25309.5": 5, "25309.25": 8, "25309.0": 12, "25308.75": 4, "25308.5": 3, "25308.25": 3, "25308.0": 8, "25307.75": 3, "25307.5": 4, "25307.25": 2, "25307.0": 3, "25306.75": 7, "25306.5": 3, "25306.25": 4, "25306.0": 5, "25305.75": 4, "25305.5": 5, "25305.25": 2, "25305.0": 22, "25304.75": 8, "25304.5": 4, "25304.25": 4, "25304.0": 14, "25303.75": 6},{"25311.5": 2, "25311.75": 6, "25312.0": 6, "25312.25": 7, "25312.5": 7, "25312.75": 6, "25313.0": 8, "25313.25": 7, "25313.5": 6, "25313.75": 4, "25314.0": 5, "25314.25": 5, "25314.5": 6, "25314.75": 7, "25315.0": 8, "25315.25": 13, "25315.5": 7, "25315.75": 11, "25316.0": 7, "25316.25": 7, "25316.5": 8, "25316.75": 7, "25317.0": 8, "25317.25": 6, "25317.5": 7, "25317.75": 6, "25318.0": 7, "25318.25": 9, "25318.5": 7, "25318.75": 7}
2025-10-20 18:09:09.631,25311.25,1,ASK,{"25310.75": 6, "25310.5": 6, "25310.25": 7, "25310.0": 6, "25309.75": 6, "25309.5": 5, "25309.25": 8, "25309.0": 12, "25308.75": 4, "25308.5": 3, "25308.25": 3, "25308.0": 8, "25307.75": 3, "25307.5": 4, "25307.25": 2, "25307.0": 3, "25306.75": 7, "25306.5": 3, "25306.25": 4, "25306.0": 5, "25305.75": 4, "25305.5": 5, "25305.25": 2, "25305.0": 22, "25304.75": 8, "25304.5": 4, "25304.25": 4, "25304.0": 14, "25303.75": 6},{"25311.5": 2, "25311.75": 6, "25312.0": 6, "25312.25": 7, "25312.5": 7, "25312.75": 6, "25313.0": 8, "25313.25": 7, "25313.5": 6, "25313.75": 4, "25314.0": 5, "25314.25": 5, "25314.5": 6, "25314.75": 7, "25315.0": 8, "25315.25": 13, "25315.5": 7, "25315.75": 11, "25316.0": 7, "25316.25": 7, "25316.5": 8, "25316.75": 7, "25317.0": 8, "25317.25": 6, "25317.5": 7, "25317.75": 6, "25318.0": 7, "25318.25": 9, "25318.5": 7, "25318.75": 7}
2025-10-20 18:09:09.788,25311.25,1,BID,{"25310.75": 7, "25310.5": 6, "25310.25": 8, "25310.0": 6, "25309.75": 6, "25309.5": 5, "25309.25": 8, "25309.0": 12, "25308.75": 4, "25308.5": 3, "25308.25": 3, "25308.0": 8, "25307.75": 3, "25307.5": 4, "25307.25": 2, "25307.0": 3, "25306.75": 7, "25306.5": 3, "25306.25": 4, "25306.0": 5, "25305.75": 4, "25305.5": 5, "25305.25": 2, "25305.0": 22, "25304.75": 8, "25304.5": 4, "25304.25": 4, "25304.0": 14, "25303.75": 6, "25311.0": 5},{"25312.0": 6, "25312.25": 6, "25312.5": 7, "25312.75": 6, "25313.0": 8, "25313.25": 7, "25313.5": 6, "25313.75": 4, "25314.0": 5, "25314.25": 5, "25314.5": 6, "25314.75": 7, "25315.0": 9, "25315.25": 13, "25315.5": 7, "25315.75": 11, "25316.0": 7, "25316.25": 7, "25316.5": 8, "25316.75": 7, "25317.0": 8, "25317.25": 6, "25317.5": 7, "25317.75": 6, "25318.0": 7, "25318.25": 9, "25318.5": 7, "25318.75": 7, "25319.0": 7}
2025-10-20 18:09:10.043,25311.75,1,BID,{"25310.75": 6, "25310.5": 6, "25310.25": 8, "25310.0": 6, "25309.75": 6, "25309.5": 5, "25309.25": 8, "25309.0": 12, "25308.75": 4, "25308.5": 3, "25308.25": 3, "25308.0": 8, "25307.75": 3, "25307.5": 4, "25307.25": 2, "25307.0": 3, "25306.75": 7, "25306.5": 3, "25306.25": 4, "25306.0": 5, "25305.75": 4, "25305.5": 5, "25305.25": 2, "25305.0": 22, "25304.75": 8, "25304.5": 4, "25304.25": 4, "25304.0": 14, "25303.75": 6, "25311.0": 4},{"25312.0": 6, "25312.25": 6, "25312.5": 7, "25312.75": 6, "25313.0": 8, "25313.25": 7, "25313.5": 6, "25313.75": 4, "25314.0": 5, "25314.25": 5, "25314.5": 6, "25314.75": 7, "25315.0": 9, "25315.25": 13, "25315.5": 7, "25315.75": 11, "25316.0": 7, "25316.25": 7, "25316.5": 8, "25316.75": 7, "25317.0": 8, "25317.25": 6, "25317.5": 7, "25317.75": 6, "25318.0": 7, "25318.25": 9, "25318.5": 7, "25318.75": 7, "25319.0": 7}
2025-10-20 18:09:10.643,25311.75,1,BID,{"25310.75": 6, "25310.5": 6, "25310.25": 8, "25310.0": 6, "25309.75": 6, "25309.5": 5, "25309.25": 8, "25309.0": 12, "25308.75": 4, "25308.5": 3, "25308.25": 3, "25308.0": 8, "25307.75": 3, "25307.5": 4, "25307.25": 2, "25307.0": 3, "25306.75": 7, "25306.5": 3, "25306.25": 4, "25306.0": 5, "25305.75": 4, "25305.5": 5, "25305.25": 2, "25305.0": 22, "25304.75": 8, "25304.5": 4, "25304.25": 4, "25304.0": 14, "25303.75": 6, "25311.0": 3},{"25311.5": 1, "25311.75": 4, "25312.0": 5, "25312.25": 6, "25312.5": 7, "25312.75": 6, "25313.0": 8, "25313.25": 7, "25313.5": 6, "25313.75": 4, "25314.0": 5, "25314.25": 5, "25314.5": 6, "25314.75": 7, "25315.0": 10, "25315.25": 13, "25315.5": 7, "25315.75": 11, "25316.0": 6, "25316.25": 8, "25316.5": 7, "25316.75": 7, "25317.0": 8, "25317.25": 6, "25317.5": 7, "25317.75": 7, "25318.0": 7, "25318.25": 9, "25318.5": 7, "25318.75": 7}
2025-10-20 18:09:10.738,25311.75,1,BID,{"25311.5": 3, "25311.25": 4, "25311.0": 6, "25310.75": 7, "25310.5": 7, "25310.25": 8, "25310.0": 6, "25309.75": 6, "25309.5": 5, "25309.25": 8, "25309.0": 12, "25308.75": 4, "25308.5": 3, "25308.25": 3, "25308.0": 7, "25307.75": 3, "25307.5": 4, "25307.25": 2, "25307.0": 3, "25306.75": 7, "25306.5": 3, "25306.25": 4, "25306.0": 5, "25305.75": 4, "25305.5": 5, "25305.25": 2, "25305.0": 22, "25304.75": 8, "25304.5": 5, "25304.25": 5},{"25312.75": 6, "25313.25": 8, "25313.5": 6, "25313.75": 3, "25314.0": 4, "25314.25": 5, "25314.5": 6, "25314.75": 7, "25315.0": 9, "25315.25": 13, "25315.5": 7, "25315.75": 11, "25316.0": 7, "25316.25": 7, "25316.5": 7, "25316.75": 7, "25317.0": 9, "25317.25": 6, "25317.5": 7, "25317.75": 7, "25318.0": 7, "25318.25": 9, "25318.5": 7, "25318.75": 7, "25319.0": 7, "25319.25": 7, "25319.5": 4, "25312.5": 4, "25313.0": 7}
2025-10-20 18:09:10.739,25312.25,1,BID,{"25311.5": 3, "25311.25": 4, "25311.0": 6, "25310.75": 7, "25310.5": 7, "25310.25": 8, "25310.0": 6, "25309.75": 6, "25309.5": 5, "25309.25": 8, "25309.0": 12, "25308.75": 4, "25308.5": 3, "25308.25": 3, "25308.0": 7, "25307.75": 3, "25307.5": 4, "25307.25": 2, "25307.0": 3, "25306.75": 7, "25306.5": 3, "25306.25": 4, "25306.0": 5, "25305.75": 4, "25305.5": 5, "25305.25": 2, "25305.0": 22, "25304.75": 8, "25304.5": 5, "25304.25": 5},{"25312.75": 6, "25313.25": 8, "25313.5": 6, "25313.75": 3, "25314.0": 4, "25314.25": 5, "25314.5": 6, "25314.75": 7, "25315.0": 9, "25315.25": 13, "25315.5": 7, "25315.75": 11, "25316.0": 7, "25316.25": 7, "25316.5": 7, "25316.75": 7, "25317.0": 9, "25317.25": 6, "25317.5": 7, "25317.75": 7, "25318.0": 7, "25318.25": 9, "25318.5": 7, "25318.75": 7, "25319.0": 7, "25319.25": 7, "25319.5": 4, "25312.5": 4, "25313.0": 7}
2025-10-20 18:09:10.740,25312.25,1,BID,{"25311.5": 3, "25311.25": 4, "25311.0": 6, "25310.75": 7, "25310.5": 7, "25310.25": 8, "25310.0": 6, "25309.75": 6, "25309.5": 5, "25309.25": 8, "25309.0": 12, "25308.75": 4, "25308.5": 3, "25308.25": 3, "25308.0": 7, "25307.75": 3, "25307.5": 4, "25307.25": 2, "25307.0": 3, "25306.75": 7, "25306.5": 3, "25306.25": 4, "25306.0": 5, "25305.75": 4, "25305.5": 5, "25305.25": 2, "25305.0": 22, "25304.75": 8, "25304.5": 5, "25304.25": 5},{"25312.75": 6, "25313.25": 8, "25313.5": 6, "25313.75": 3, "25314.0": 4, "25314.25": 5, "25314.5": 6, "25314.75": 7, "25315.0": 9, "25315.25": 13, "25315.5": 7, "25315.75": 11, "25316.0": 7, "25316.25": 7, "25316.5": 7, "25316.75": 7, "25317.0": 9, "25317.25": 6, "25317.5": 7, "25317.75": 7, "25318.0": 7, "25318.25": 9, "25318.5": 7, "25318.75": 7, "25319.0": 7, "25319.25": 7, "25319.5": 4, "25312.5": 4, "25313.0": 7}
2025-10-20 18:09:10.741,25312.25,1,BID,{"25311.5": 3, "25311.25": 4, "25311.0": 6, "25310.75": 7, "25310.5": 7, "25310.25": 8, "25310.0": 6, "25309.75": 6, "25309.5": 5, "25309.25": 8, "25309.0": 12, "25308.75": 4, "25308.5": 3, "25308.25": 3, "25308.0": 7, "25307.75": 3, "25307.5": 4, "25307.25": 2, "25307.0": 3, "25306.75": 7, "25306.5": 3, "25306.25": 4, "25306.0": 5, "25305.75": 4, "25305.5": 5, "25305.25": 2, "25305.0": 22, "25304.75": 8, "25304.5": 5, "25304.25": 5},{"25312.75": 6, "25313.25": 8, "25313.5": 6, "25313.75": 3, "25314.0": 4, "25314.25": 5, "25314.5": 6, "25314.75": 7, "25315.0": 9, "25315.25": 13, "25315.5": 7, "25315.75": 11, "25316.0": 7, "25316.25": 7, "25316.5": 7, "25316.75": 7, "25317.0": 9, "25317.25": 6, "25317.5": 7, "25317.75": 7, "25318.0": 7, "25318.25": 9, "25318.5": 7, "25318.75": 7, "25319.0": 7, "25319.25": 7, "25319.5": 4, "25312.5": 4, "25313.0": 7}
2025-10-20 18:09:10.742,25312.25,1,BID,{"25311.5": 3, "25311.25": 4, "25311.0": 6, "25310.75": 7, "25310.5": 7, "25310.25": 8, "25310.0": 6, "25309.75": 6, "25309.5": 5, "25309.25": 8, "25309.0": 12, "25308.75": 4, "25308.5": 3, "25308.25": 3, "25308.0": 7, "25307.75": 3, "25307.5": 4, "25307.25": 2, "25307.0": 3, "25306.75": 7, "25306.5": 3, "25306.25": 4, "25306.0": 5, "25305.75": 4, "25305.5": 5, "25305.25": 2, "25305.0": 22, "25304.75": 8, "25304.5": 5, "25304.25": 5},{"25312.75": 6, "25313.25": 8, "25313.5": 6, "25313.75": 3, "25314.0": 4, "25314.25": 5, "25314.5": 6, "25314.75": 7, "25315.0": 9, "25315.25": 13, "25315.5": 7, "25315.75": 11, "25316.0": 7, "25316.25": 7, "25316.5": 7, "25316.75": 7, "25317.0": 9, "25317.25": 6, "25317.5": 7, "25317.75": 7, "25318.0": 7, "25318.25": 9, "25318.5": 7, "25318.75": 7, "25319.0": 7, "25319.25": 7, "25319.5": 4, "25312.5": 4, "25313.0": 7}
2025-10-20 18:09:10.743,25312.5,1,BID,{"25311.5": 3, "25311.25": 4, "25311.0": 6, "25310.75": 7, "25310.5": 7, "25310.25": 8, "25310.0": 6, "25309.75": 6, "25309.5": 5, "25309.25": 8, "25309.0": 12, "25308.75": 4, "25308.5": 3, "25308.25": 3, "25308.0": 7, "25307.75": 3, "25307.5": 4, "25307.25": 2, "25307.0": 3, "25306.75": 7, "25306.5": 3, "25306.25": 4, "25306.0": 5, "25305.75": 4, "25305.5": 5, "25305.25": 2, "25305.0": 22, "25304.75": 8, "25304.5": 5, "25304.25": 5},{"25312.75": 6, "25313.25": 8, "25313.5": 6, "25313.75": 3, "25314.0": 4, "25314.25": 5, "25314.5": 6, "25314.75": 7, "25315.0": 9, "25315.25": 13, "25315.5": 7, "25315.75": 11, "25316.0": 7, "25316.25": 7, "25316.5": 7, "25316.75": 7, "25317.0": 9, "25317.25": 6, "25317.5": 7, "25317.75": 7, "25318.0": 7, "25318.25": 9, "25318.5": 7, "25318.75": 7, "25319.0": 7, "25319.25": 7, "25319.5": 4, "25312.5": 4, "25313.0": 7}
2025-10-20 18:09:10.743,25312.5,1,BID,{"25311.5": 3, "25311.25": 4, "25311.0": 6, "25310.75": 7, "25310.5": 7, "25310.25": 8, "25310.0": 6, "25309.75": 6, "25309.5": 5, "25309.25": 8, "25309.0": 12, "25308.75": 4, "25308.5": 3, "25308.25": 3, "25308.0": 7, "25307.75": 3, "25307.5": 4, "25307.25": 2, "25307.0": 3, "25306.75": 7, "25306.5": 3, "25306.25": 4, "25306.0": 5, "25305.75": 4, "25305.5": 5, "25305.25": 2, "25305.0": 22, "25304.75": 8, "25304.5": 5, "25304.25": 5},{"25312.75": 6, "25313.25": 8, "25313.5": 6, "25313.75": 3, "25314.0": 4, "25314.25": 5, "25314.5": 6, "25314.75": 7, "25315.0": 9, "25315.25": 13, "25315.5": 7, "25315.75": 11, "25316.0": 7, "25316.25": 7, "25316.5": 7, "25316.75": 7, "25317.0": 9, "25317.25": 6, "25317.5": 7, "25317.75": 7, "25318.0": 7, "25318.25": 9, "25318.5": 7, "25318.75": 7, "25319.0": 7, "25319.25": 7, "25319.5": 4, "25312.5": 4, "25313.0": 7}
2025-10-20 18:09:10.744,25312.5,1,BID,{"25311.5": 3, "25311.25": 4, "25311.0": 6, "25310.75": 7, "25310.5": 7, "25310.25": 8, "25310.0": 6, "25309.75": 6, "25309.5": 5, "25309.25": 8, "25309.0": 12, "25308.75": 4, "25308.5": 3, "25308.25": 3, "25308.0": 7, "25307.75": 3, "25307.5": 4, "25307.25": 2, "25307.0": 3, "25306.75": 7, "25306.5": 3, "25306.25": 4, "25306.0": 5, "25305.75": 4, "25305.5": 5, "25305.25": 2, "25305.0": 22, "25304.75": 8, "25304.5": 5, "25304.25": 5},{"25312.75": 6, "25313.25": 8, "25313.5": 6, "25313.75": 3, "25314.0": 4, "25314.25": 5, "25314.5": 6, "25314.75": 7, "25315.0": 9, "25315.25": 13, "25315.5": 7, "25315.75": 11, "25316.0": 7, "25316.25": 7, "25316.5": 7, "25316.75": 7, "25317.0": 9, "25317.25": 6, "25317.5": 7, "25317.75": 7, "25318.0": 7, "25318.25": 9, "25318.5": 7, "25318.75": 7, "25319.0": 7, "25319.25": 7, "25319.5": 4, "25312.5": 4, "25313.0": 7}
2025-10-20 18:09:10.744,25312.25,1,ASK,{"25311.5": 3, "25311.25": 4, "25311.0": 6, "25310.75": 7, "25310.5": 7, "25310.25": 8, "25310.0": 6, "25309.75": 6, "25309.5": 5, "25309.25": 8, "25309.0": 12, "25308.75": 4, "25308.5": 3, "25308.25": 3, "25308.0": 7, "25307.75": 3, "25307.5": 4, "25307.25": 2, "25307.0": 3, "25306.75": 7, "25306.5": 3, "25306.25": 4, "25306.0": 5, "25305.75": 4, "25305.5": 5, "25305.25": 2, "25305.0": 22, "25304.75": 8, "25304.5": 5, "25304.25": 5},{"25312.75": 6, "25313.25": 8, "25313.5": 6, "25313.75": 3, "25314.0": 4, "25314.25": 5, "25314.5": 6, "25314.75": 7, "25315.0": 9, "25315.25": 13, "25315.5": 7, "25315.75": 11, "25316.0": 7, "25316.25": 7, "25316.5": 7, "25316.75": 7, "25317.0": 9, "25317.25": 6, "25317.5": 7, "25317.75": 7, "25318.0": 7, "25318.25": 9, "25318.5": 7, "25318.75": 7, "25319.0": 7, "25319.25": 7, "25319.5": 4, "25312.5": 4, "25313.0": 7}
2025-10-20 18:09:10.745,25311.75,1,ASK,{"25311.5": 3, "25311.25": 4, "25311.0": 6, "25310.75": 7, "25310.5": 7, "25310.25": 8, "25310.0": 6, "25309.75": 6, "25309.5": 5, "25309.25": 8, "25309.0": 12, "25308.75": 4, "25308.5": 3, "25308.25": 3, "25308.0": 7, "25307.75": 3, "25307.5": 4, "25307.25": 2, "25307.0": 3, "25306.75": 7, "25306.5": 3, "25306.25": 4, "25306.0": 5, "25305.75": 4, "25305.5": 5, "25305.25": 2, "25305.0": 22, "25304.75": 8, "25304.5": 5, "25304.25": 5},{"25312.75": 6, "25313.25": 8, "25313.5": 6, "25313.75": 3, "25314.0": 4, "25314.25": 5, "25314.5": 6, "25314.75": 7, "25315.0": 9, "25315.25": 13, "25315.5": 7, "25315.75": 11, "25316.0": 7, "25316.25": 7, "25316.5": 7, "25316.75": 7, "25317.0": 9, "25317.25": 6, "25317.5": 7, "25317.75": 7, "25318.0": 7, "25318.25": 9, "25318.5": 7, "25318.75": 7, "25319.0": 7, "25319.25": 7, "25319.5": 4, "25312.5": 4, "25313.0": 7}
2025-10-20 18:09:12.737,25312.0,1,ASK,{"25311.25": 4, "25310.75": 6, "25310.5": 7, "25310.25": 8, "25310.0": 6, "25309.75": 6, "25309.5": 7, "25309.25": 5, "25309.0": 12, "25308.75": 4, "25308.5": 3, "25308.25": 3, "25308.0": 9, "25307.75": 3, "25307.5": 4, "25307.25": 2, "25307.0": 3, "25306.75": 7, "25306.5": 3, "25306.25": 4, "25306.0": 5, "25305.75": 4, "25305.5": 5, "25305.25": 2, "25305.0": 22, "25304.75": 8, "25304.5": 4, "25304.25": 5},{"25312.25": 8, "25312.5": 7, "25312.75": 3, "25313.0": 7, "25313.25": 8, "25313.5": 6, "25313.75": 3, "25314.0": 4, "25314.25": 5, "25314.5": 6, "25314.75": 7, "25315.0": 7, "25315.25": 13, "25315.5": 6, "25315.75": 12, "25316.0": 6, "25316.25": 7, "25316.5": 7, "25316.75": 7, "25317.0": 9, "25317.25": 6, "25317.5": 7, "25317.75": 6, "25318.0": 8, "25318.25": 10, "25318.5": 7, "25318.75": 7, "25319.0": 7, "25319.25": 6, "25319.5": 4}
